1722 2919
175 75 256 131 392
362 96 369 101 κ
482 77 1325 121 OBSERVAT.1NTIBVLL1

179 188 319 238 sente,
342 198 346 210 ’
371 189 531 244 ingrata
573 190 656 231 effe
692 192 836 246 potest.
876 194 929 233 H.
996 194 1175 234 Restitui
1201 197 1373 235 Aretino
1401 205 1442 234 et
1474 197 1624 236 Arnus.

180 246 319 300 Quam
356 248 580 287 lectionem
612 249 807 301 Heynius
837 250 1067 290 doctiorem
1093 250 1174 290 effe
1194 252 1364 291 iudicat.
1423 251 1540 291 Idem
1563 254 1624 292 vi·-

181 301 268 340 sum
312 301 365 341 est
403 304 455 342 ΙΙ.
493 304 641 345 Voffio.
702 307 751 346 In
781 307 1033 363 apographis
1064 309 1119 348 H.
1151 308 1280 348 Voffii
1309 309 1402 348 aliis
1431 310 1625 349 Arretino

182 358 373 412 (duplex
409 375 449 398 rr
486 360 529 399 in
567 361 649 402 hoc
677 363 885 403 vocabulo
914 363 1070 419 legitur
1093 365 1218 404 etiam
1248 365 1291 404 in
1320 365 1535 405 veteribus
1555 366 1626 405 In-

181 414 478 468 scriptionibus
510 418 620 471 apud
648 420 813 460 Gruter.
843 436 936 475 pag.
970 431 1064 467 572.
1103 435 1163 461 nr.
1194 433 1257 460 12.
1296 437 1337 475 p.
1358 430 1454 468 520.
1492 437 1556 464 nr.
1588 432 1626 469 3.

178 486 221 525 p.
241 482 358 519 ²028·
378 488 440 511 nr.
456 484 489 514 Ω.
508 490 548 528 p.
567 488 684 526 1029.
704 491 766 515 nr.
788 488 826 524 7.
851 477 945 517 add.
968 476 1129 517 Sallust.
1157 478 1249 517 Cat.
1269 480 1375 527 δά),
1407 479 1499 518 aliis
1521 481 1627 518 Are-

180 531 266 568 tino
307 528 373 568 est.
444 531 537 570 Hoc
578 532 701 572 etiam
743 534 876 573 Zwic.
917 544 1095 589 uterque
1132 535 1330 590 agnoscit.
1365 558 1422 566 -—-
1458 537 1627 590 Septem

180 599 325 641 apogr.
365 588 421 629 H.
452 587 564 629 Voff.
607 594 740 629 amnis
777 605 871 629 cum
921 590 1054 631 Zwic.
1102 606 1136 629 ι.
1178 601 1215 630 2.
1266 607 1334 630 un.
1375 597 1507 632 annis.
1549 592 1626 633 tria

179 656 323 682 annas.
385 645 455 684 W.

295 742 334 780 5.
374 737 543 774 nimium
575 739 638 776 M.
671 740 746 775 mei
765 738 962 789 studiose]
1001 736 1085 777 duo
1108 739 1205 778 Ital.
1237 742 1470 786 minimum,
1508 737 1629 778 falso.

178 792 302 843 plus,
345 806 466 845 quam
494 796 634 845 puella
668 796 821 840 vellet,
865 793 1072 833 officiosus
1102 804 1214 842 erat,
1248 799 1442 847 empregffe.
1469 796 1630 849 Regius

180 846 294 884 hunc
320 847 480 887 versum
508 849 692 889 faciebat
715 850 819 889 novi
842 851 1036 890 carminis
1061 851 1253 901 initium,
1287 863 1329 892 et
1351 851 1629 891 inscribebat;

185 903 346 953 Quqstio
378 907 436 941 ad
454 908 684 953 Meffalam.
745 907 840 946 Hoc
869 907 975 947 adeo
998 907 1120 961 poffit
1140 922 1216 961 pro
1238 908 1410 963 epistola
1444 911 1628 959 (Billet)

178 958 349 1009 haberi,
380 963 529 1001 ceratis
565 963 730 1003 tabellis
762 963 915 1018 scripta
948 975 990 1004 et
1023 963 1076 1003 ad
1105 963 1329 1004 Meffalam
1357 964 1487 1005 miffa.

297 1052 335 1089 6.
386 1054 486 1091 IVon
513 1058 769 1103 tempestivae
788 1056 914 1107 saepe
940 1058 1165 1106 propinque
1194 1059 1316 1106 viae]
1359 1061 1429 1109 qui
1445 1059 1568 1109 saepe
1594 1065 1633 1094 te

180 1111 364 1159 accingis
387 1113 523 1149 itineri
540 1114 838 1160 intempeffllvo;
865 1114 919 1158 est
938 1114 1044 1150 enim
1061 1116 1162 1150 anni
1179 1122 1334 1164 tempus
1355 1117 1631 1166 asperrimam,

178 1165 320 1218 inquit
350 1165 546 1221 Scaliger.
617 1168 712 1222 Qua
747 1167 1094 1220 interpretatione
1129 1168 1233 1208 nihil
1267 1171 1500 1209 contortius
1532 1169 1633 1209 vidi.

179 1222 291 1259 Tum
333 1222 434 1276 quid
475 1222 556 1262 effe
595 1224 721 1264 debet
752 1228 976 1276 propinque
1011 1226 1134 1263 viae?
1190 1227 1347 1266 Saltem
1390 1238 1477 1266 erat
1512 1227 1633 1266 refin-

179 1277 385 1331 gendum:

356 1371 441 1406 Non
475 1370 688 1421 tempefiirva
709 1371 825 1422 saepe
851 1374 1058 1421 propinque
1087 1375 1162 1414 via,

181 1456 224 1496 h.
253 1457 404 1499 itinere
432 1460 720 1515 intempestive
755 1460 965 1515 suscepto,
999 1459 1119 1514 saepe
1147 1470 1314 1515 praeter
1335 1460 1445 1513 spem
1470 1472 1632 1502 votum·

184 1528 267 1567 que
304 1515 417 1555 ades.
478 1517 637 1557 Verum
671 1528 713 1557 et
745 1518 798 1556 fic
827 1522 1054 1570 propinque
1082 1517 1221 1572 friget.
1283 1517 1327 1556 Si
1358 1517 1500 1558 saltem
1532 1517 1632 1558 effet

185 1573 354 1620 moleste.
414 1575 464 1613 In
496 1589 582 1613 uno
615 1575 739 1614 Statii
772 1585 860 1614 erat
888 1584 1006 1623 tuae,
1048 1574 1162 1614 unde
1192 1574 1266 1614 ille
1286 1574 1632 1628 facieIJatsitgae.

182 1627 364 1668 videtur
395 1630 492 1670 inde
522 1632 607 1686 legi
638 1629 776 1686 poffe:

354 1724 443 1758 Non
477 1722 685 1772 tempestive
704 1722 819 1774 saepo
848 1727 1054 1775 propInque
1085 1737 1183 1764 tuae.

182 1807 307 1846 nimis
346 1814 514 1862 puellae
545 1821 642 1850 tuae
674 1811 868 1851 molestus
902 1812 1136 1852 assiduitate
1167 1823 1251 1851 tua.
1287 1816 1512 1863 tempestive
1542 1819 1634 1850 erat

180 1865 354 1917 antiqua
385 1866 610 1920 scriptura,
655 1883 762 1923 quae
792 1869 916 1907 ctiam
943 1874 1196 1920 tempestitae
1223 1867 1304 1908 effe
1334 1879 1513 1923 poterat.
1538 1878 1633 1907 tuae

178 1919 224 1958 in
256 1926 345 1961 νέαι)
373 1923 499 1964 facile
527 1935 743 1965 mutatum.
802 1924 929 1979 Apud
957 1927 1098 1966 Sever.
1133 1927 1176 1965 iu
1198 1930 1332 1966 Aetna
1362 1941 1402 1966 v.
1428 1933 1520 1972 155.

352 2036 408 2044 -—-
467 2038 521 2045 —-
579 2036 635 2044 -·
690 2020 795 2053 certis
825 2018 893 2053 tibi
922 2020 1082 2066 pignora
1114 2019 1218 2054 rebus

352 2075 474 2122 Atque
505 2076 617 2110 oculis
648 2074 797 2124 haesura
826 2077 905 2110 υἷας
937 2075 1041 2111 dabit
1073 2077 1201 2111 ordine
1229 2076 1348 2111 tellus.

181 2168 294 2199 recte
317 2160 501 2214 Scaliger
537 2161 795 2216 corrigebat,
834 2166 959 2203 oculis
987 2165 1156 2216 haesura
1188 2152 1292 2209 luis,
1334 2172 1377 2201 et
1407 2161 1453 2200 in
1474 2162 1634 2201 Lucre·

184 2216 244 2253 tio
265 2230 287 2255 e
309 2218 399 2268 suis
427 2218 528 2256 facit
557 2222 633 2255 mis
664 2219 851 2258 Gronov.
883 2221 981 2260 Obs.
1004 2223 1088 2269 111,
1125 2233 1187 2271 19.
1247 2223 1305 2259 At
1328 2223 1527 2273 Ayrman.
1549 2218 1634 2260 Vit.

184 2271 280 2310 Tib.
313 2277 349 2323 0.
384 2284 449 2320 62.
481 2272 745 2312 scribendum
777 2277 978 2329 putabat:

353 2367 441 2402 Non
473 2364 706 2414 tempestivae
725 2365 871 2418 fimque
900 2373 1112 2419 propinqua
1138 2371 1232 2405 viae.

182 2451 296 2506 quod
332 2467 418 2492 non
450 2453 654 2509 intelligo.
722 2454 804 2493 Pro
834 2471 912 2494 non
947 2472 1057 2496 unus
1091 2455 1278 2496 Broukh.
1311 2471 1403 2502 nec,
1445 2453 1634 2494 Colbert.

180 2519 282 2556 mea,
318 2510 461 2549 Guelf.
484 2520 520 2549 2.
550 2525 638 2549 neu.
670 2508 749 2549 Ed.
779 2511 894 2565 Lips.
921 2519 1166 2567 propinquo.
1227 2512 1348 2553 Nihil
1376 2513 1521 2550 horum
1550 2524 1633 2548 om-

181 2565 297 2603 nium
336 2565 559 2612 satisfaciu
611 2580 687 2606 nec
726 2576 866 2608 tamen
909 2570 1133 2625 quicquam
1168 2580 1260 2609 tuto
1294 2583 1407 2608 nunc
1440 2565 1635 2606 constitui

179 2620 334 2673 potest,
387 2637 481 2663 cum
518 2624 760 2680 ignoremus
800 2627 938 2666 omnia
987 2638 1080 2668 acta
1122 2627 1233 2668 inter
1264 2625 1341 2667 hos
1371 2625 1562 2665 homines
1594 2630 1637 2661 et

1505 2676 1632 2735 gesta,
