1722 2919
191 169 274 221 506
509 167 897 210 OBSERVAT.
945 167 1020 211 IN
1065 169 1363 212 TIBVLL1

193 286 300 327 Stat.
335 299 429 325 cum
463 283 609 324 Guelf.
635 294 671 333 3.
701 292 882 331 torrear,
924 283 1040 339 quod
1070 285 1253 325 arridere
1285 284 1431 340 possit,
1474 299 1569 326 eum
1597 282 1650 329 (le

195 344 307 385 febri
336 342 508 397 proprie
540 340 716 380 dicatur.
749 341 877 380 Ovid.
910 343 990 395 Ep.
1023 343 1119 382 XX.
1157 344 1246 395 169.

417 444 475 453 ..-
531 440 588 450 -—
644 440 700 450 --
759 431 941 458 torrentur
965 421 1133 470 febribus
1165 433 1278 459 artus.

199 501 284 543 Sed
312 500 450 541 noster
476 509 644 540 terretur
674 502 808 549 aesta,
849 497 964 552 quod
996 498 1030 539 is
1055 499 1131 553 ipfi
1155 505 1321 552 nigram
1344 500 1553 540 denuntiat
1576 501 1652 540 lio·

200 574 302 598 ram.
361 559 514 614 Itaque
543 560 636 597 vult
664 561 815 606 aestum
844 570 995 594 vanum
1017 555 1126 605 effe,
1161 557 1203 597 h.
1239 558 1330 597 eius
1351 558 1485 597 minas
1507 571 1652 607 vanas,

198 617 350 656 irritas.
381 615 434 655 cf.
467 616 533 654 El.
565 622 614 662 4,
652 625 712 661 13.

316 680 382 720 23.
421 682 481 711 ter
512 675 652 724 quinos
673 670 752 722 secl
771 691 823 698 --
844 668 962 722 dies]
1012 669 1174 725 Regius
1209 670 1271 710 his
1297 675 1450 724 quinos.
1478 683 1554 724 pro
1577 671 1658 723 fid

202 730 336 786 aliqui
358 738 400 769 et
421 729 567 770 Guelf.
590 739 626 773 3.
657 741 750 766 cum
785 728 917 766 altero
949 727 994 764 in
1024 741 1151 780 marg.
1174 730 1270 767 iam.
1302 727 1355 766 H.
1414 732 1500 767 iam
1527 727 1655 767 etiam

200 788 378 828 Monac.
437 787 537 826 {Non
563 796 703 823 tamen
729 782 1008 822 dubitandum
1039 781 1093 822 est
1112 786 1191 835 secl
1211 783 1293 824 effe
1314 799 1483 833 verum,
1511 797 1654 838 quam-

203 858 329 899 quam
350 844 394 882 in
419 842 558 882 medio
582 840 751 880 demum
771 838 895 878 versu
916 839 1108 893 positum.
1140 841 1268 880 Ovid.
1291 841 1432 881 Amor.
1454 841 1492 890 I,
1512 848 1563 889 5,'
1583 847 1652 891 14:

434 922 633 971 Pugnabat
664 922 787 957 tunica
808 917 879 970 sed
908 929 1030 956 tamen
1062 921 1129 957 illa
1159 923 1249 971 tegi.

206 1003 261 1044 cf.
292 1001 345 1042 ad
373 1001 418 1048 Ι,
444 1014 495 1053 9,
525 1007 593 1050 4ο.
654 997 727 1038 W.

318 1094 385 1130 29.
426 1082 487 1119 Ac
516 1079 626 1118 vobis
657 1080 811 1129 Tuscae
839 1076 1092 1116 celebrantur
1119 1080 1290 1116 numina
1318 1075 1531 1129 lymphae]
1576 1070 1659 1116 Re-

207 1140 359 1180 vocavi
391 1136 607 1190 antiquam
637 1134 889 1181 lectionem,
931 1146 1056 1187 quam
1088 1144 1131 1172 et
1161 1134 1306 1173 Guelf.
1329 1144 1366 1170 Ω.
1395 1132 1546 1183 habet,
1587 1146 1658 1172 ve-

204 1195 361 1234 riorem
401 1207 472 1238 ea,
520 1203 646 1243 quam
679 1188 997 1242 supposuerant.
1077 1191 1265 1229 Numina
1300 1189 1355 1229 est
1383 1190 1428 1229 in
1462 1188 1658 1229 omnibus

205 1251 296 1290 fere
317 1245 454 1286 Codd.
483 1256 525 1285 et
542 1244 651 1284 Edd.
682 1254 978 1298 praeterquam
1003 1245 1116 1298 quod
1141 1246 1184 1283 in
1211 1246 1350 1300 Regio
1377 1260 1571 1291 munera,
1600 1247 1660 1283 la-

206 1305 285 1362 psu
315 1301 516 1342 sollenni:
562 1317 603 1340 v.
634 1300 779 1341 Heius.
813 1300 867 1339 ad
902 1301 1030 1341 Ovid.
1063 1302 1099 1340 I.
1139 1302 1248 1341 Met.
1279 1312 1374 1350 411.
1410 1301 1483 1341 etsi
1511 1314 1584 1354 per
1615 1299 1658 1339 se

205 1376 292 1402 non
322 1362 431 1398 male
465 1358 576 1397 dicta
605 1356 738 1396 effent
767 1372 935 1396 munera
962 1358 1160 1409 lymphae.
1217 1360 1267 1396 ln
1292 1358 1538 1398 Colbertino
1570 1366 1671 1395 erat»

206 1422 386 1458 carmine
396 1445 409 1462 ,
433 1424 475 1454 et
494 1415 535 1452 in
555 1412 763 1452 Thuaneo
785 1419 971 1452 carmina
981 1430 995 1461 ‚·
1026 1415 1068 1451 in
1089 1428 1173 1468 quo
1190 1416 1322 1454 latere
1345 1427 1488 1454 veram
1512 1414 1656 1452 lectio-

205 1490 303 1516 nem
328 1471 497 1527 putavit
521 1469 713 1509 Broukh.
745 1480 788 1510 et
816 1469 1004 1523 reposuit
1023 1474 1246 1521 gramina;
1277 1481 1319 1510 et
1346 1469 1444 1509 sane
1471 1474 1658 1509 carmina

207 1543 251 1574 et
273 1534 471 1583 gramina
496 1526 610 1566 haud
632 1540 726 1566 raro
750 1537 1057 1580 permutantur.
1080 1543 1116 1566 v.
1138 1526 1281 1567 Heins.
1304 1526 1354 1565 ad
1379 1526 1601 1566 Claudian.
1624 1526 1657 1565 Ϊ.

205 1591 252 1628 in
273 1586 417 1628 Rufin.
448 1592 540 1631 ²51·
602 1582 685 1623 Sed
717 1584 898 1637 primum
930 1587 1099 1638 vulgata
1132 1599 1216 1623 non
1249 1583 1454 1632 habebat,
1486 1597 1559 1622 cur
1584 1583 1658 1621 im-

207 1653 443 1685 mutaretur
474 1641 601 1679 unius
629 1642 700 1679 vel
727 1641 900 1679 alterius
930 1640 1029 1678 libri
1055 1640 1202 1680 vitiosa
1228 1639 1453 1694 scriptura;
1487 1639 1657 1686 deinde,

209 1705 239 1741 li
263 1701 314 1740 (ἴε
338 1698 548 1738 exercitiis
572 1707 670 1736 ante
697 1697 954 1736 lavationem
986 1697 1270 1750 interpreteris
1286 1726 1297 1743 ,
1330 1697 1405 1744 (in
1426 1710 1550 1751 quam
1570 1710 1659 1735 rem

207 1759 318 1797 male
346 1753 535 1793 Broukh.
564 1756 657 1791 loca
691 1753 833 1801 affert,
877 1767 985 1807 qnae
1019 1752 1070 1791 de
1101 1768 1245 1806 campo
1269 1754 1451 1801 31arfio,
1491 1766 1577 1791 non
1606 1748 1658 1792 de

206 1812 370 1854 balneis
395 1809 652 1849 valetudinis
675 1809 857 1848 tuendae
879 1807 1016 1848 caussa
1049 1810 1327 1864 frequentatis
1350 1814 1511 1865 agunt)
1542 1809 1584 1848 in
1609 1823 1658 1848 ea

207 1885 254 1910 re
280 1870 437 1908 Poetae
468 1865 674 1905 libentius
705 1865 903 1920 singulari
934 1880 1107 1904 numero
1145 1882 1319 1915 gramen,
1349 1877 1539 1906 utuntur.
1571 1866 1656 1904 Ho-

206 1937 285 1967 rat.
306 1926 390 1972 111,
415 1933 455 1971 7,
479 1924 544 1962 26.
571 1927 763 1973 gramine.
783 1926 954 1961 Martio.
983 1922 1112 1962 ovid.
1132 1924 1203 1962 VI.
1233 1925 1343 1962 Met.
1366 1933 1460 1972 237.
1480 1925 1593 1963 ludos
1614 1925 1660 1960 in

202 1987 392 2035 gramine
420 1983 576 2030 Campi.
635 1978 826 2018 Tandem
855 1979 1039 2018 insolens
1068 1989 1110 2018 et
1142 1981 1353 2033 ingratum
1384 1978 1461 2028 est,
1501 1979 1575 2019 ubi
1604 1978 1656 2018 de

205 2053 409 2093 aquarum
437 2040 588 2077 virtute
627 2036 866 2090 quaeritur,
923 2045 971 2074 ut
1010 2034 1057 2074 fit
1097 2037 1139 2073 in
1180 2036 1371 2075 fontibus
1407 2035 1656 2083 salubribus,

201 2099 398 2153 gramina
433 2094 664 2133 memorari.
741 2092 865 2132 Unde
897 2101 1036 2131 tamen
1066 2098 1244 2132 carmine
1277 2093 1320 2131 in
1348 2094 1466 2131 illum
1498 2092 1656 2131 librum

207 2152 366 2194 veniss‘e
387 2150 608 2190 dicemus?
641 2163 793 2202 nempe
822 2148 877 2188 est
908 2148 1014 2187 illud
1042 2148 1380 2203 interpolatoris,
1413 2148 1481 2187 cui
1503 2149 1544 2187 in
1567 2148 1654 2186 ani·

206 2224 321 2252 mum
347 2207 455 2246 illud
491 2205 690 2246 veniebat
721 2216 895 2259 propter
925 2202 971 2246 Ίὸ
1002 2208 1263 2245 celem-antur.
1325 2204 1511 2244 Similem
1542 2218 1654 2244 erro-

207 2282 295 2308 rem
328 2263 566 2304 notavimus
592 2262 680 2315 sup.
708 2263 759 2300 ad
783 2263 863 2309 111,
889 2274 927 2310 2,
951 2264 1015 2301 26.
1083 2263 1166 2302 Sed
1195 2273 1237 2302 ct
1271 2271 1562 2316 permutantur
1591 2261 1654 2298 in-

205 2323 372 2365 terdum
396 2335 563 2364 numen,
593 2334 731 2358 nomm
753 2329 793 2357 et
814 2334 987 2358 carmen.
1011 2319 1064 2357 cf.
1096 2321 1171 2358 inf.
1194 2319 1269 2367 IV,
1297 2332 1331 2368 ι,
1353 2328 1420 2361 27.
1452 2316 1651 2357 Heinfius

205 2394 285 2436 pro
313 2381 480 2417 numina
508 2375 763 2414 conficiebat
777 2377 972 2426 flumina.
1031 2374 1162 2415 Porro
1191 2390 1266 2429 pro
1291 2377 1501 2428 lymphae,
1533 2372 1653 2428 quod

204 2436 261 2479 est
290 2437 334 2475 in
364 2432 509 2473 nostris·
538 2442 580 2471 et
608 2430 650 2469 in
680 2433 894 2486 plerisque
925 2432 1127 2482 aliorum,
1159 2431 1349 2470 Broukh.
1378 2446 1431 2472 ex
1452 2444 1538 2469 uno
1557 2429 1655 2476 suo,-

202 2508 290 2533 uno
310 2491 548 2547 Anglicano
579 2498 621 2527 et
642 2490 804 2541 aliquot
829 2488 939 2528 Edd.
971 2490 1172 2541 nymphae
1200 2498 1427 2541 receperat.
1487 2487 1570 2526 Pro
1588 2489 1649 2525 At

200 2553 334 2596 vobis,
385 2546 498 2601 quod
527 2546 724 2584 Muretus
761 2546 968 2591 correxit,
1017 2556 1059 2586 et
1087 2545 1185 2585 libri
1218 2543 1396 2593 habeut,
1447 2546 1647 2596 vulgatae

201 2618 300 2646 ante
332 2620 427 2644 cum
451 2602 545 2643 edd.
577 2601 675 2639 inde
707 2614 729 2638 a
762 2611 860 2640 vett.
895 2601 1004 2641 Edd.
1027 2603 1151 2641 Rom.
1177 2612 1218 2642 et
1244 2602 1344 2639 Yen.
1366 2615 1425 2655 pr.
1445 2599 1646 2655 legebant

201 2673 321 2716 atque
348 2663 472 2708 milri,
515 2659 838 2711 interpolatum,
885 2668 933 2696 ut
961 2658 1134 2698 vitiosae
1160 2657 1387 2712 scripturae
1419 2659 1511 2696 Nos
1543 2661 1648 2692 tenet

199 2719 461 2761 conveniret.
516 2716 568 2756 lu
598 2715 704 2769 Reg.
730 2723 819 2753 erat
843 2717 897 2753 At
925 2716 1061 2765 nobi35
1088 2714 1201 2756 idem
1225 2715 1268 2753 in
1295 2713 1441 2755 Guelf.
1469 2726 1503 2752 1.
1524 2711 1569 2748 in
1594 2710 1646 2748 li·

1535 2776 1641 2806 turat

1711 2753 1722 2781 ΕΙ
