1722 2919
199 159 280 190 222
506 137 889 183 OBSERVAT.
944 138 1020 179 IN
1077 136 1374 178 TIBVLLI

313 262 351 300 6.
398 258 538 298 valido
559 255 822 308 —bidente]
875 252 1099 305 Cyllenius
1133 251 1177 289 in
1209 250 1282 289 suo
1313 254 1474 306 legerat
1503 249 1654 297 calido,

201 318 258 361 est
287 318 340 357 fic
370 316 413 355 in
443 315 537 353 aliis
567 311 818 367 quibusdam
854 325 919 364 ap.
943 309 1134 348 Broukh.
1202 311 1350 348 Valido
1375 318 1488 348 recte
1512 316 1657 346 tuetur

199 374 391 417 Broukh.
423 372 521 426 quia
549 370 592 408 in
621 383 747 423 opere
778 366 980 406 faciundo
1014 366 1130 403 firma
1165 379 1212 403 ac:
1242 363 1478 419 ponderosa
1509 361 1657 402 instru-

199 442 341 473 menta
375 429 660 483 requiruntur.
692 441 732 465 v.
764 425 872 463 Plin.
906 424 1067 466 XVIII,
1100 423 1138 460 6.
1168 422 1221 460 cf.
1254 421 1383 461 Ovid.
1405 423 1439 460 Ι.
1472 425 1563 460 Am.
1593 429 1656 468 13,

206 498 270 536 15.
314 486 476 526 Eadem
498 484 680 523 varietas
705 481 817 535 apud
850 481 1024 519 Lucu-et.
1046 479 1120 528 Vl,
1145 487 1239 528 748.
1270 479 1433 519 Lucan.
1458 478 1537 528 IV,
1561 485 1659 524 511.

201 546 277 586 ubi
309 560 348 584 v.
383 543 520 583 Burm.
554 550 596 580 et
625 538 786 578 Tibull.
818 537 905 584 IV,
937 545 987 584 5,
1025 550 1087 575 ιο.

317 613 357 649 7.
409 613 577 639 curvum
595 598 780 649 sectarer
809 597 1022 642 aralrum]
1075 593 1248 645 Cyllen.
1286 592 1331 630 in
1370 590 1445 630 suo
1474 589 1661 629 habebat

201 674 360 702 curvus·
440 655 524 696 Sed
564 669 750 700 curvum,
798 658 1034 698 incurvam,
1084 665 1255 695 uncum,
1304 651 1546 694 acluncmn‚·
1567 660 1660 701 per·

200 727 379 773 petuum
408 713 592 754 vomeris
633 721 674 750 et
714 709 840 748 aratri
879 708 1103 762 epitheton
1139 705 1207 746 est.
1252 721 1290 745 v.
1332 705 1373 744 h.
1405 709 1434 745 1.
1467 702 1659 744 Broukh.

202 786 247 816 et
275 774 418 814 Burm.
451 769 504 808 ad
536 767 663 808 Ovid.
695 767 754 806 II.
797 765 906 805 Met.
942 767 1036 811 2136.

317 843 357 881 9.
394 826 504 881 quod
532 827 632 870 Sol]
678 838 801 876 quum
832 821 1007 862 Corvin.
1047 835 1100 860 ex
1131 818 1383 874 compendio
1411 818 1671 858 litterarumae

201 904 327 945 quam
358 883 503 925 Guelf.
537 894 574 921 2.

325 957 386 983 ιο.
443 942 637 979 Laederet
663 949 733 977 ant
759 939 815 986 t.]
856 945 939 983 aut,
974 933 1090 988 quod
1123 929 1265 973 Guelf.
1295 942 1334 980 5.
1367 933 1518 981 habet,
1558 931 1664 985 legi-

202 1016 272 1046 tur
315 999 415 1040 inde
456 997 509 1037 ab
542 996 699 1035 Aldina
742 995 821 1034 sec.
871 1003 913 1032 et
944 994 1146 1039 B'lureto,
1206 990 1277 1029 alii
1320 989 1499 1040 (Ald.I.
1532 988 1664 1038 scal.)

203 1076 299 1101 cum
330 1055 477 1096 uostris
509 1064 558 1093 et.
597 1052 675 1091 Ed.
699 1054 823 1090 Rom.
857 1050 984 1089 etiam
1004 1050 1196 1088 Luderet.
1220 1063 1259 1087 v.
1284 1047 1337 1086 ad
1358 1048 1393 1094 I,
1416 1057 1454 1095 2,
1477 1055 1545 1098 89.
1567 1060 1667 1085 mox

202 1134 246 1158 v.
278 1128 343 1160 12.
381 1111 463 1154 Ed.
493 1109 612 1165 Lips.
639 1111 886 1161 predicet-int.
928 1106 1073 1146 Guelf.
1105 1115 1274 1152 5.;cu1n
1305 1103 1402 1144 Ald.
1422 1105 1456 1144 Ι.
1485 1105 1662 1157 prosue-

202 1185 357 1215 rantt'e·

324 1237 388 1278 14.
458 1224 670 1277 Quicquid
715 1230 804 1261 erat
843 1223 1045 1266 medicae,
1103 1223 1280 1263 vicerat,
1329 1222 1457 1266 artis,
1505 1220 1665 1265 Amor]

203 1288 300 1330 Post
332 1287 447 1325 hunc
477 1281 643 1322 versum
674 1279 718 1318 in
751 1278 860 1318 Edd.
894 1288 991 1316 ante
1023 1277 1173 1329 scalig.
1207 1286 1248 1314 et
1280 1275 1324 1312 in
1355 1275 1501 1325 libris,
1555 1276 1665 1315 inter

205 1347 284 1388 hos
315 1345 360 1384 in
391 1339 538 1381 Guelf.
575 1353 609 1377 ι.
643 1349 679 1376 2.
714 1347 766 1384 5.,
799 1335 883 1374 duo
916 1332 1088 1372 disticha
1120 1331 1384 1371 inseruntur:

428 1420 511 1470 Ipse
542 1421 629 1455 deus
652 1417 788 1466 solitus
809 1413 970 1463 stabulis
999 1414 1181 1461 expellere
1209 1426 1352 1454 vaccas,

485 1476 542 1512 Ec
570 1485 702 1522 potum
730 1470 853 1521 pastas
882 1472 1011 1506 ducere
1039 1470 1273 1516 fluminibus.

429 1534 486 1571 Et
516 1531 662 1582 miscere
690 1543 787 1566 novo
819 1526 980 1576 docuiffe
1011 1528 1169 1574 coagula
1199 1526 1307 1565 lacte,

489 1591 652 1627 Lacteus
683 1597 718 1622 et
746 1584 870 1632 mistus
899 1583 1096 1633 obriguiſjb
1127 1585 1262 1631 liquor.

208 1671 280 1714 Est
312 1670 355 1708 in
386 1667 439 1706 iis
471 1679 621 1720 magna
654 1662 852 1703 lectionis
884 1661 1088 1699 varietas:
1134 1674 1207 1710 pro
1238 1662 1435 1710 erpellere
1466 1658 1550 1698 duo
1580 1658 1668 1700 Sta·

207 1729 315 1770 tiani
347 1725 542 1774 depellere
573 1720 798 1759 habebant.
877 1717 958 1756 sed
993 1715 1099 1755 illud
1131 1715 1264 1755 bene:
1314 1730 1411 1754 nam
1443 1727 1485 1756 et
1516 1718 1669 1757 Graeci

209 1779 449 1834 ἐξελαύνειν,
472 1795 514 1821 v.
536 1794 570 1818 c.
595 1776 778 1817 Lucian.
798 1774 911 1814 Dies.
936 1789 1030 1812 cum
1053 1771 1237 1812 Hesiodo
1260 1787 1293 1813 e.
1315 1780 1353 1824 4.
1385 1782 1428 1812 et
1460 1773 1590 1815 Ovid,
1609 1775 1668 1815 Π,

209 1844 319 1883 Met.
350 1849 445 1890 343.

432 1928 489 1937 —-
547 1903 687 1954 expulfi
719 1906 792 1939 iam
824 1903 961 1938 dudum
993 1910 1119 1936 monte
1149 1901 1292 1935 iuvenci

434 1967 590 2002 Littera
619 1958 714 2010 iuffa
742 1969 887 2008 petunt.

211 2043 287 2084 ubi
317 2044 361 2081 in
392 2056 478 2080 uno
511 2041 680 2087 excussi,
731 2036 852 2075 cuius
884 2038 1057 2090 vulgata
1089 2033 1218 2073 lectio
1250 2031 1380 2088 glossa
1410 2031 1492 2074 esse
1520 2033 1668 2088 potest.

210 2102 323 2143 Nam
353 2102 484 2138 excuti
512 2112 589 2150 pro
623 2094 794 2149 expelli.
858 2093 973 2147 Virg.
1007 2095 1112 2131 Aen.
1147 2091 1255 2139 VH,
1289 2101 1384 2142 299.

437 2180 534 2228 (lain
567 2181 679 2213 etiam
707 2177 834 2226 patria
863 2172 1024 2224 exctffos
1055 2170 1191 2221 infesta
1218 2187 1284 2221 per
1315 2173 1434 2209 undas

434 2233 534 2283 Ausa
558 2233 677 2283 sequi.

213 2313 283 2354 Ad
323 2309 503 2352 eundem
542 2309 722 2349 Nasonis
769 2312 910 2347 locum
950 2306 1099 2347 Dousa
1141 2305 1255 2345 hunc
1305 2305 1469 2344 Tibulli
1507 2303 1673 2344 versum

215 2369 387 2417 laudat,
419 2382 543 2422 quem
570 2366 608 2404 [ο
633 2366 675 2403 in
708 2380 757 2404 eo
786 2380 871 2404 non
902 2363 1101 2418 reperill'e
1130 2362 1361 2401 mirabatur
1385 2361 1673 2401 Burmannus.

215 2426 420 2483 Virgilius
452 2425 496 2463 in
528 2423 679 2462 Culice
709 2437 748 2460 v.
782 2429 850 2471 44.
875 2424 1099 2473 propellere
1129 2419 1260 2459 dixit:

439 2505 609 2611 Perulic
639 2517 657 2537 e
679 2500 841 2550 stabulis
871 2504 920 2538 ad
948 2503 1088 2552 pabula
1119 2502 1223 2537 laeta
1254 2501 1414 2550 capellas

438 2564 492 2599 Pa
509 2570 580 2598 tor·

217 2639 270 2681 Ῐη
304 2639 461 2678 minori
496 2636 618 2679 versu
658 2651 734 2691 pro
771 2638 936 2685 pastas,
987 2635 1103 2688 quod
1138 2637 1268 2689 vulgo
1297 2633 1478 2687 legitur,
1521 2640 1568 2669 et
1591 2627 1675 2667 Ed.

217 2698 341 2736 Rom.
374 2711 469 2736 cum
508 2695 683 2736 Venetis
717 2692 877 2739 servat,
931 2691 1039 2730 aliae
1079 2690 1190 2732 Edd.
1232 2690 1392 2732 Vicent.
1419 2686 1544 2742 Lipf.
1569 2685 1672 2778 itin·

1577 2742 1610 2780 li
1644 2740 1678 2778 ri
