1722 2919
190 137 274 184 292
498 122 883 167 OBSERVAT.
939 127 1015 167 IN
1071 126 1369 169 TIBVLLI

189 240 326 281 Zwic.
353 252 388 276 ι.
414 246 452 276 2.
481 238 635 278 Hamb.
671 237 801 280 Goth.
831 238 884 278 cf.
916 237 1030 279 Obss.
1064 239 1113 279 ad
1136 241 1171 286 Ι,
1206 253 1245 289 2,
1271 249 1339 291 54.
1379 240 1435 281 H.
1459 239 1574 283 Voff.
1593 251 1652 283 te·

190 297 287 336 nuit
306 296 514 342 Semelae,
543 305 591 335 ut
615 295 670 336 est
694 295 737 334 in
757 297 880 336 Bern.
903 307 944 336 et
963 307 1056 336 tert.
1081 295 1194 336 Voss.
1251 299 1325 337 W.

303 361 370 403 47.
411 357 579 405 aevique
599 353 772 405 saturi]
819 357 969 406 czdusq.
993 355 1034 406 f.
1069 354 1213 394 Guelf.
1247 366 1285 393 2.
1323 355 1378 394 H.
1446 357 1651 395 Dedit-

185 418 308 463 paler
337 424 398 463 pr.
424 419 622 460 pater—
640 412 750 450 dedit
781 410 916 464 quint.
948 408 1060 451 Voss.
1122 411 1192 448 W.

305 475 374 514 50.
420 467 610 519 Quodque
631 471 744 507 Deus
775 482 866 505 vero
888 466 1083 519 Cynthius
1114 482 1183 505 ore
1200 464 1380 520 seram]
1420 469 1557 508 Recte
1590 466 1650 508 it·

191 539 244 565 ex
266 524 438 580 ingenio
458 524 701 564 emendavit
715 523 921 573 Broukh.‚
946 539 1039 567 cum
1062 527 1192 580 vulgo
1218 539 1365 578 parum
1387 525 1517 564 latine
1532 523 1649 572 elset,

179 584 329 636 ferac;
367 581 488 621 Deus
520 582 631 620 enim
661 582 734 619 illa
767 595 820 620 ex
853 579 924 620 sua
953 579 1128 635 persona
1160 581 1365 634 loquitur.
1425 582 1562 636 Saepe
1592 580 1649 620 fic

188 640 234 678 in
261 638 380 678 libris
413 648 656 692 peccatum,
703 646 745 676 et
770 652 803 683 a,
824 637 925 677 viris
958 637 1093 676 doctis
1125 648 1381 677 correctum:
1414 653 1452 676 v.
1483 653 1516 678 c.
1539 639 1646 677 Aen.

185 696 241 743 V,
269 703 365 743 555.
392 694 467 732 ubi
492 710 529 735 v.
553 695 694 732 Burm.
755 695 886 733 Porro
918 694 1080 750 Regius
1112 694 1282 746 quidve,
1316 695 1521 734 Guarner.
1550 709 1647 733 cum

187 752 283 793 aliis
315 762 356 792 et
388 751 484 791 edd.
507 761 607 790 vett.
631 753 736 791 Ven.
759 765 820 804 pr.
846 751 1013 791 Vicent.
1031 750 1148 805 Lips.
1172 753 1356 804 quidque.
1390 751 1444 792 H.
1510 752 1644 803 Quid-

186 825 264 864 que
305 809 407 848 Ask.
443 808 567 846 Bern.
605 807 758 846 Hamb.
795 807 931 849 Zwic.
969 823 1003 846 ι.
1037 819 1098 852 2.;
1156 810 1302 860 quidve
1330 807 1499 848 secund.
1530 805 1645 847 Voff.

185 865 358 920 Scripsit
388 865 491 918 quid
514 866 651 903 dicam
680 875 722 904 et
752 866 925 918 quidque
941 865 1088 917 feram
1123 865 1178 905 H.
1204 865 1381 905 Vossius.
1440 867 1491 905 In
1513 863 1644 904 vind.

185 923 343 978 legitur
375 922 454 961 hoc
481 924 576 961 loco
608 920 709 962 vers.
733 932 824 969 72.,
856 937 943 963 ver.
969 920 1025 962 est
1055 922 1259 962 tamenin
1282 936 1410 979 marg.
1441 943 1497 952 —
1525 919 1646 964 Vets.

187 981 378 1035 sequent.
413 978 469 1019 est
499 994 598 1017 cura
627 994 688 1033 pr.
718 994 819 1018 cara
849 980 893 1018 in
922 989 1018 1019 tert.
1052 977 1166 1019 Voff.
1231 980 1300 1019 W.

303 1044 373 1084 55.
411 1052 534 1090 quum
561 1046 599 1075 te
625 1037 745 1089 fasc-0
765 1040 940 1076 Somnus
971 1039 1119 1077 velavit
1144 1037 1326 1088 amictu]
1365 1035 1511 1076 Somni
1537 1038 1641 1086 alas,

187 1100 362 1135 amictus
388 1093 623 1142 vocabulo,
662 1093 751 1147 post
785 1094 1032 1147 Cyllenium
1063 1095 1266 1150 intelligit
1292 1095 1491 1148 Vulpius.
1550 1094 1643 1133 Alis

185 1153 359 1208 quidem
397 1150 596 1205 amplecti
629 1151 810 1191 Somnus
849 1151 1026 1201 dicitur,
1070 1166 1177 1207 quos
1214 1152 1429 1207 opprimit.
1512 1149 1644 1191 Silius

186 1212 250 1260 X.
291 1217 389 1257 355-

355 1301 413 1309 —-
469 1299 527 1306 —
583 1299 641 1308 --
699 1297 755 1307 ·-
813 1281 932 1329 quatit
963 1280 1048 1314 inde
1070 1277 1233 1328 soporas

358 1339 508 1373 Devexo
539 1338 655 1385 capiti
681 1349 844 1386 pennas,
893 1336 1079 1386 oculisque
1110 1338 1269 1385 quietem

354 1396 506 1429 Irrorat.

183 1469 226 1501 et
255 1469 353 1499 ante
383 1474 422 1498 v.
456 1465 553 1508 345.

351 1549 408 1557 --
465 1543 528 1564 nec
557 1526 691 1578 posco,
740 1537 781 1563 ut
811 1527 984 1563 mollibus
1011 1529 1082 1563 alis

354 1588 428 1622 Des
458 1588 592 1622 victum
624 1586 733 1627 mihi,
774 1587 930 1628 Somne,
970 1586 1108 1621 Iovem.

180 1665 373 1719 Propert.
403 1665 447 1712 Ι,
474 1672 524 1711 5,
557 1669 625 1712 45.

352 1735 449 1769 Dum
482 1746 538 1767 me
569 1732 731 1768 iucundis
760 1730 891 1780 laffam
921 1729 1039 1781 sopor
1067 1733 1215 1781 impulit
1247 1734 1330 1770 alis.

179 1821 222 1851 et
251 1810 305 1850 fic
336 1809 458 1863 saepe
492 1807 604 1862 apud
633 1813 794 1861 poiitas.
856 1810 965 1847 Alae
998 1818 1136 1849 tamen
1169 1814 1343 1848 amu-tus
1372 1807 1516 1848 Somni
1551 1805 1637 1845 dici

177 1869 253 1907 vix
283 1866 466 1921 poll'unt.
529 1866 672 1919 Quare
707 1879 817 1904 nova
846 1865 1027 1921 imagine
1060 1866 1240 1905 Somnus
1274 1867 1343 1905 hic
1373 1864 1530 1905 amictu
1558 1862 1634 1902 suo

182 1925 401 1964 obnubere
435 1923 613 1969 dicitur,
656 1936 835 1977 quorum
864 1925 1010 1961 oculos
1042 1923 1187 1963 vincit.
1222 1923 1274 1962 cf.
1307 1933 1396 1962 not.

291 2005 358 2049 56.
378 2003 504 2055 fallit
523 1999 799 2052 imaginibus]
833 2002 1028 2040 nonnulli
1053 2000 1220 2055 scripti,
1251 2012 1294 2042 et
1321 2015 1398 2055 pro
1421 2014 1509 2038 var.
1531 2001 1631 2038 lect.

177 2061 323 2100 Guelf.
346 2070 385 2104 3.
417 2060 546 2105 ludit,
579 2059 690 2098 forte
722 2073 775 2097 ex
804 2073 842 2098 v.
870 2069 907 2105 7.
942 2059 997 2096 H.
1057 2061 1162 2098 ludit
1185 2058 1310 2098 vind.
1334 2056 1449 2112 quod
1473 2055 1635 2109 recepit

174 2118 230 2157 H.
256 2117 447 2163 Voffius,
482 2117 661 2155 afferens
695 2118 835 2153 locum
859 2115 1008 2168 Vix-gil.
1039 2117 1146 2155 Aen.
1179 2115 1214 2165 I,
1252 2124 1369 2165 4²²*
1415 2114 1531 2164 Quid
1550 2127 1631 2150 na-

173 2184 260 2214 tum
280 2175 480 2225 —J'affi‘s
507 2175 641 2212 Ludis
671 2174 952 2223 imaginibus?
993 2172 1075 2211 Sed
1107 2173 1257 2226 quidni
1288 2171 1484 2210 librarius
1516 2169 1630 2207 hunc

172 2230 310 2285 ipsum
344 2230 506 2269 versum
537 2229 736 2268 memoria
758 2239 905 2268 tenens
936 2227 1145 2282 scripserit
1171 2231 1298 2275 ladit,
1337 2241 1413 2282 pro
1439 2241 1491 2267 eo
1511 2223 1630 2281 quod

173 2286 231 2328 est
252 2288 296 2327 in
316 2287 490 2341 reliquis
513 2286 706 2324 omuibus
721 2284 741 2322 ?
773 2286 891 2325 Idem
913 2286 977 2324 vir
998 2285 1145 2324 doctus
1170 2286 1295 2324 etiam
1317 2288 1437 2324 vanis
1460 2292 1629 2323 noctur-

171 2359 271 2384 num
293 2344 476 2384 coniecit
506 2353 549 2381 et
578 2343 737 2394 recepit
766 2357 841 2395 pro
872 2343 1057 2381 lectione
1081 2345 1251 2397 vulgata
1282 2357 1431 2380 vanam
1458 2351 1625 2379 noctur-

169 2406 259 2449 nis,
296 2415 452 2457 negans
474 2399 555 2438 hoc
581 2409 693 2438 recte
725 2400 855 2437 latine
876 2399 972 2438 dici.
1030 2399 1156 2437 Dixit
1183 2399 1295 2454 Virg.
1322 2401 1428 2438 Aen.
1454 2399 1507 2445 X,
1529 2400 1624 2443 651.

170 2469 245 2497 aut
275 2475 349 2511 ego
378 2461 462 2498 veri
492 2471 600 2494 wana
619 2457 766 2506 feror,
821 2456 893 2493 ubi
926 2456 1145 2507 Heynius:
1176 2470 1338 2504 „vanus
1362 2453 1417 2493 est
1446 2454 1521 2509 qui
1549 2451 1626 2491 fibi

165 2529 278 2555 ‘vana
306 2526 348 2555 et
378 2515 517 2553 inania
541 2511 812 2567 pe1·l'uadet.“
871 2513 989 2551 Talis
1016 2523 1157 2552 autem
1186 2513 1312 2552 etiam
1335 2513 1446 2563 falli
1474 2507 1621 2565 potest.

170 2573 315 2626 Quare
348 2573 463 2619 iure,
504 2571 676 2623 opinor,
717 2569 872 2607 retinui
906 2573 1140 2624 vulgatum.
1204 2570 1274 2608 W.

281 2638 350 2679 59.
386 2631 656 2679 Divetsasque
687 2629 769 2663 mis
798 2629 933 2676 agitat
960 2642 1070 2665 mens
1097 2630 1229 2676 impia
1256 2622 1409 2676 curas]
1457 2625 1539 2662 tuis
1566 2633 1620 2660 ex

168 2685 464 2725 emendatione
482 2683 615 2738 Liplii
637 2681 824 2736 reposuit
843 2681 1031 2722 Broukh.
1091 2682 1234 2740 Vulgo
1251 2683 1429 2738 legitur:
1462 2682 1618 2790 ῗίνεν-

1496 2746 1619 2787 nsque
