1722 2919
209 146 291 192 154
512 148 896 189 OBSERVAT.
935 150 1010 190 IN
1051 148 1358 190 TIBVLLI

206 275 347 303 amore
376 260 538 314 semper
567 261 649 301 fida
680 261 755 306 sm
797 272 840 303 at
867 277 954 302 non
984 262 1062 302 tibi
1091 262 1248 304 infidae
1279 262 1542 303 incommoda
1575 262 1668 302 ali-.

205 318 377 374 quando
420 318 567 358 afferat
602 318 793 373 perfidia.
866 320 1067 359 Tibullus
1108 331 1247 360 autern
1288 322 1464 374 primum
1496 321 1653 359 incom-

202 375 326 415 moda
367 374 569 428 perfidiae
611 375 845 429 descripsit,
896 386 984 415 tum
1015 384 1083 423 85.
1116 392 1163 416 ea
1193 376 1393 424 subiecit,
1449 376 1499 415 ad
1542 390 1653 430 quae

201 433 413 486 particula
453 440 498 470 at
534 432 754 472 referenda
793 431 860 472 est.
924 432 1126 472 Similiter
1155 435 1189 481 I,
1224 444 1285 483 3.,
1328 434 1401 473 ubi
1431 433 1475 472 in
1507 433 1651 485 Elyfio

201 488 244 528 se
285 487 543 528 versaturum
584 496 640 536 57
676 511 729 519 —
764 490 832 527 66.
874 487 1131 539 ostenderat,
1189 504 1345 543 poenas
1386 490 1429 528 in
1472 493 1671 529 Tartaro.

199 549 372 600 puellae
401 544 499 584 suae
532 546 851 610 corruptoribus
884 546 1185 599 imprecaturus
1217 547 1367 599 incipit
1390 561 1411 585 a
1443 546 1651 601 particula

199 613 271 650 at,
325 612 500 656 tumque
538 603 720 656 primum
757 602 912 641 faciem
953 603 1117 642 Tar-taxi
1156 602 1406 642 horrendam
1448 602 1652 657 proponit

199 662 255 708 67
287 682 340 690 —
372 667 462 707 8ι.,
508 658 662 697 deinde
694 667 762 705 81.
793 667 860 704 82.
893 660 989 699 Illic
1014 663 1075 707 sit
1116 673 1164 698 ea
1208 659 1373 698 demum
1401 659 1650 715 sequuntur,

198 715 453 772 quibuscum
472 726 513 754 at
530 729 768 754 connexum
791 715 858 755 est.
880 738 935 746 —
965 719 1024 755 At
1045 730 1187 771 apogr.
1212 715 1302 755 fere
1329 717 1482 766 omnia,
1517 729 1650 754 unum

195 777 270 823 ast.
314 772 618 825 Hamb.atq1ce
648 777 708 819 (a.
733 776 814 820 in.)
844 796 902 803 ——
929 788 1061 811 unum
1085 787 1150 826 ap.
1181 774 1337 822 infida,
1370 749 1487 812 aliud
1508 774 1649 819 nullis,

132 854 140 859 -
195 830 348 870 Venet.
374 833 503 879 potest
532 843 609 882 pro
632 834 726 880 post
755 851 809 858 —
849 829 1001 869 Hamb.
1027 833 1211 878 stamina
1239 833 1393 881 longa,
1442 844 1495 869 ex
1524 830 1570 877 I,
1604 839 1644 879 5,

195 889 263 935 36.
292 909 342 914 —
374 897 442 936 79.
467 889 611 925 Firma
643 886 697 925 ad
726 888 801 926 illa
829 902 933 940 quae
963 886 1186 934 referenti,
1220 897 1347 940 atque
1379 886 1430 925 ad
1461 886 1649 925 laborem

194 941 400 983 affiduum
429 941 697 1006 studiumque
725 943 816 983 eius
848 942 1066 997 pertinax,
1102 942 1215 996 quod
1247 943 1300 980 H.
1332 943 1496 982 Vosfius
1528 943 1644 991 fecit,

195 1000 235 1039 ei
268 1014 417 1038 xereor
450 999 631 1053 primum
662 1010 710 1038 ut
740 999 838 1038 usus
862 999 1068 1054 loquendi
1089 998 1362 1053 suffragetur.
1403 998 1558 1039 deinde
1591 1012 1645 1038 ne

193 1055 428 1119 appositum
461 1056 646 1096 feminae
666 1059 801 1105 frma
832 1060 940 1096 male
973 1070 1067 1095 cum
1098 1056 1188 1096 eius
1213 1058 1384 1095 tremula
1403 1072 1527 1095 manu
1548 1069 1645 1094 con-

193 1113 340 1152 veniat
369 1123 411 1152 et
445 1128 539 1152 cum
572 1114 712 1152 verbis
746 1118 855 1153 ncta
876 1116 1054 1166 senec-,ta
1123 1112 1217 1166 Ipse
1255 1113 1646 1152 incommoditatem

194 1169 376 1223 epitheti
398 1168 559 1208 senfiffe
584 1169 782 1218 videtur,
816 1172 1025 1221 cumsera
1056 1184 1132 1233 pro
1151 1172 1286 1219 firma
1313 1169 1522 1211 suaderet.
1569 1172 1643 1208 At-

192 1240 276 1280 que
305 1225 335 1263 fi
359 1226 411 1264 Η.
432 1225 571 1265 lollio
601 1226 822 1279 epitheton
847 1229 1035 1265 hetorum
1056 1227 1192 1280 primo
1218 1230 1314 1265 loco
1347 1226 1526 1280 politum
1561 1226 1643 1265 dis-

189 1282 344 1336 plicet,
387 1282 416 1320 fi
444 1282 692 1338 languidum
726 1284 834 1322 illud
869 1283 1057 1332 videtur,
1091 1282 1120 1320 si
1149 1281 1333 1336 denique
1366 1281 1639 1335 superfluum,

190 1338 392 1393 quoniam
422 1338 525 1378 haec
549 1339 745 1378 liciorum
774 1351 924 1379 natura
958 1339 1028 1387 fit,
1079 1339 1309 1378 verendum
1344 1339 1536 1393 profecto
1568 1338 1638 1388 est,

188 1411 244 1434 ne
274 1395 316 1432 in
349 1395 536 1434 editione
568 1399 701 1434 altera
745 1395 976 1451 aliquando
1019 1395 1349 1449 pulcherrimum
1390 1395 1517 1434 etiam
1547 1410 1640 1435 ver-

187 1451 278 1491 sum
312 1462 553 1505 corrumpat
581 1453 648 1502 II,
682 1465 728 1500 2,
766 1461 826 1502 14.
869 1457 1006 1491 Fortis
1038 1462 1134 1491 arat
1163 1453 1300 1491 valido
1331 1456 1503 1501 rusticas
1533 1467 1640 1493 arva

188 1509 310 1555 hove,
365 1508 439 1562 qui
481 1507 618 1547 nostro
671 1509 904 1548 simillimus
955 1510 1123 1562 poetica
1169 1508 1393 1547 verborum
1443 1510 1638 1562 politura.

186 1567 339 1606 Venet.
372 1568 478 1604 lilia.
522 1565 727 1619 Virgilius
761 1568 836 1606 Ge.
859 1567 893 1616 Ι,
927 1575 1022 1615 285.
1055 1569 1154 1606 licia
1181 1568 1286 1605 telae
1315 1566 1462 1605 addere
1492 1564 1640 1606 eadem

186 1623 354 1661 ratione
387 1621 508 1660 dixit.
569 1621 645 1659 W.

304 1686 371 1723 80
414 1682 641 1730 zmaczaqne
659 1679 706 1717 de
726 1682 837 1717 niveo
861 1682 1001 1719 vellere
1029 1681 1150 1719 (Ιιιοια
1170 1678 1324 1733 putat]
1367 1680 1436 1720 Sic
1458 1679 1636 1719 maxima

186 1749 283 1789 pars
314 1734 541 1783 librorum,
575 1735 705 1788 inque
736 1735 801 1774 his
834 1737 974 1775 Guelf.
1006 1747 1043 1774 2.
1076 1747 1138 1783 3.·
1128 1765 1138 1781 ,
1185 1736 1355 1791 quidam
1387 1736 1501 1790 apud
1531 1735 1634 1776 Stat.

187 1802 230 1831 et
259 1790 448 1830 ΒτουΗι.
480 1805 555 1845 p1o
583 1794 730 1839 ducta,
763 1795 896 1840 (lente,
917 1796 1028 1842 fila,
1059 1796 1129 1832 vel
1157 1802 1290 1841 texta,
1323 1803 1365 1832 et
1395 1807 1471 1846 pro
1497 1801 1634 1844 putat,

176 1859 322 1901 pat-‚at
384 1848 553 1888 Scilicet
583 1851 705 1888 ducta
725 1859 847 1901 putat
876 1861 989 1889 recte
1020 1849 1084 1888 ed.
1118 1852 1223 1904 Reg.
1257 1851 1420 1888 Vicent.
1471 1851 1527 1888 At
1557 1851 1634 1889 Ve-

186 1916 311 1945 netae
343 1908 466 1944 ‹lm-ta
493 1917 645 1956 [πυ-(ιι,
696 1917 902 1945 mutatum
933 1907 977 1944 in
1010 1906 1105 1945 Ald.
1137 1922 1197 1960 pr.
1221 1908 1309 1956 fila
1330 1916 1485 1958 parat;
1535 1905 1633 1946 Ald-

185 1961 264 2002 fec.
306 1973 347 2001 et
385 1963 487 2001 Stat.
528 1965 643 2002 (lente
666 1973 815 2014 μιιιαίῑ
866 1965 1065 2002 Muretus
1097 1965 1272 2002 retraxit
1302 1963 1454 2017 prioris
1487 1963 1633 2002 lectio·

184 2033 304 2063 ne1n3
336 2019 518 2058 Plantin.
552 2023 666 2058 (lente
683 2031 834 2070 parat;
867 2020 1050 2074 denique
1074 2020 1260 2074 Scaliger
1281 2020 1479 2058 retraxit:
1511 2021 1636 2058 ducta

181 2085 302 2127 putat
333 2075 563 2115 secundum
603 2077 789 2117 codicem
822 2077 952 2115 suum.
995 2078 1045 2114 Η.
1107 2076 1329 2116 Accedunt
1360 2090 1503 2131 apogr.
1536 2086 1632 2116 octo

185 2133 295 2182 (tria
320 2135 440 2170 ‹loc-la
477 2157 525 2162 —
559 2133 686 2173 Goth.
719 2137 828 2184 ——-),
863 2133 988 2172 Paris.
1022 2133 1154 2172 Zwic.
1191 2148 1224 2170 1.
1256 2145 1292 2171 2.
1322 2133 1478 2172 Guarn.
1502 2134 1630 2173 Corv.

185 2191 332 2229 Venet.
394 2190 542 2228 Nihilo
583 2191 720 2229 minus
765 2192 816 2229 Η.
850 2191 1011 2231 Vollius
1059 2189 1176 2228 dedit
1213 2192 1331 2228 dente
1354 2199 1479 2240 putat
1518 2189 1560 2228 h.
1593 2200 1630 2229 e.

185 2246 366 2284 carmine
407 2244 604 2292 dentato,
651 2247 831 2286 offensus
875 2247 1127 2300 repetitione
1169 2248 1377 2286 conductis
1405 2268 1462 2276 —
1490 2248 1629 2293 ducta,

186 2312 229 2342 et
257 2312 407 2351 putare
434 2303 516 2340 line
549 2304 711 2342 adiecto
744 2319 818 2357 pro
851 2308 1079 2342 carminare
1118 2303 1295 2356 positum
1337 2301 1420 2342 effe
1456 2316 1629 2358 negans.

185 2360 295 2398 Saue
327 2360 423 2396 dens
453 2373 528 2410 pro
553 2364 712 2410 per-line
751 2371 792 2399 et
819 2371 961 2410 pecten
994 2374 1071 2414 pro
1102 2359 1375 2398 instrumento
1409 2359 1460 2397 ad
1489 2363 1630 2400 lanam

183 2414 495 2453 carminandam
526 2427 626 2469 apto
657 2415 907 2469 usurpatum
954 2417 1050 2466 sed,
1101 2427 1143 2454 ut
1172 2417 1360 2455 omittam
1392 2430 1499 2469 quae
1531 2417 1630 2455 For·

184 2472 380 2510 cellinius
414 2469 488 2508 sub
521 2487 558 2511 v.
583 2482 734 2523 putare
775 2475 940 2523 attulit,
985 2487 1181 2528 quaeque
1213 2472 1424 2525 Scaliger,
1472 2473 1546 2526 qui
1575 2471 1627 2512 de

183 2529 325 2567 verbis
347 2537 497 2579 putare
523 2531 662 2567 lanam
692 2529 855 2569 erudite
887 2530 1143 2584 disputavit,
1177 2532 1246 2568 vel
1277 2528 1469 2567 definitio
1499 2529 1627 2567 huius

183 2584 327 2632 verbi,
382 2599 506 2638 quam
546 2586 710 2624 Gellius
752 2587 836 2635 xl,
874 2595 912 2632 5.
960 2586 1097 2636 dedit,
1150 2586 1306 2639 optime
1344 2583 1462 2623 usum
1508 2584 1627 2624 verbi

182 2639 420 2679 absolutum
453 2642 655 2683 defendit.
731 2644 785 2681 Et
817 2643 845 2680 fi
877 2643 987 2691 duo,
1043 2657 1151 2697 quae
1185 2643 1284 2680 huic
1320 2642 1439 2695 operi
1468 2643 1626 2680 incum-

182 2695 330 2737 bentes
363 2696 576 2750 efficiunt,
628 2701 769 2739 ducere
798 2702 939 2738 lanam
968 2721 1022 2730 —
1066 2699 1194 2740 Ovid
1224 2699 1337 2738 Met.
1365 2698 1441 2746 lV,
1471 2706 1539 2746 34-
1569 2719 1626 2727 --

1589 2764 1630 2794 et
