1722 2919
127 81 210 139 296
435 82 825 126 OBSERVAT.
864 84 941 126 IN
984 86 1284 127 TIBVLLI

134 209 236 234 vero
258 194 376 235 haud
401 195 529 238 dubie
552 211 665 237 vere.
711 196 782 238 Est
802 199 914 238 enim
932 199 1226 240 Tibullianum
1247 200 1349 241 hoc:
1383 216 1432 241 ne
1445 203 1591 254 pqffim

135 255 293 300 vidpre,
324 268 424 306 pro,
455 270 504 294 ne
530 257 701 294 videam.
763 255 833 295 Est
865 267 907 296 et
931 257 1035 297 haec
1058 258 1186 297 lectio
1213 258 1294 297 iam
1317 259 1361 297 in
1384 258 1479 298 Ald.
1507 259 1586 300 sec.

106 318 119 361 ,l
135 320 328 362 recepta,
362 320 404 349 et
433 327 453 350 3
485 312 644 352 Mur-et.
677 313 780 352 Stat.
804 315 1027 355 Pulmann.
1053 313 1274 362 miserat..
1309 325 1351 355 et
1379 318 1488 355 male
1511 317 1588 355 ite·
1633 346 1640 351 ,

136 380 226 403 rum
257 382 278 404 a
310 366 524 423 Scaligero
551 369 736 424 expulsa.
807 370 998 410 Eandem
1029 382 1171 411 tuetur
1202 371 1321 411 codd.
1352 387 1445 426 pars
1475 371 1589 426 apud.

135 422 323 462 Broukh.
353 424 397 464 it.
430 426 602 466 Corvin.
663 427 713 465 In
733 426 898 468 Vicent.
929 442 1010 467 non
1029 431 1226 481 pqfflm.)
1256 430 1311 470 H.
1368 445 1416 470 ne
1444 432 1590 480 pqffim

137 489 321 533 quatuor
350 495 494 538 apogr.
536 483 591 522 H.
623 481 735 523 Voff.
795 485 870 524 W.

254 556 321 595 83.
356 553 447 590 IVeo
481 553 556 592 tihi
584 553 824 591 crediderim
851 555 955 592 votis
983 557 1193 593 contraria
1223 552 1351 608 vota]
1391 553 1473 594 effe
1502 553 1589 596 scil.

138 618 191 643 ex
221 619 260 645 v.
289 605 405 661 sequ.
436 624 490 649 ne
519 625 591 649 nec
615 620 686 648 tua
712 610 843 648 malis.
909 613 1025 650 Votis
1045 625 1147 650 vero
1171 611 1495 665 intelligendum
1519 615 1589 652 vel

137 660 264 710 meis,
297 662 349 703 de
381 676 527 718 optato
552 681 712 716 amore,
748 669 817 705 vel
840 665 922 706 istis
944 667 1026 705 tuis
1046 667 1240 721 pristinis.
1301 664 1428 708 Forte
1450 679 1591 709 tamen

137 719 336 770 repetitio
368 721 494 772 haec,
532 738 680 777 parum
712 721 878 770 suavis,
917 739 938 763 a
962 729 1088 778 poeta
1119 723 1257 763 nostro
1290 739 1376 764 non
1409 724 1487 774 est,
1519 724 1592 766 sed

137 773 223 813 fuit
249 777 372 817 olim:
415 783 558 829 nostris
587 784 798 819 contraria
825 790 932 820 vota.
994 782 1098 819 Duo
1131 781 1333 830 Statiani,
1379 797 1473 821 cum
1503 796 1590 822 uno

136 832 264 885 Angl.
289 845 330 873 et
350 836 583 886 Thuaneo,
616 840 715 876 IVon
738 852 812 887 ego
834 839 1098 885 crediderim,
1131 852 1216 876 non
1244 841 1367 878 male.
1400 838 1455 878 H.
1514 840 1591 879 At-

138 901 220 941 que
249 890 303 929 fic
335 892 461 931 etiam
491 893 534 932 in
568 893 696 934 Goth.
728 894 844 948 quod
873 895 928 932 H.
952 893 1065 935 Voff.
1096 894 1270 948 recepit.
1331 895 1403 936 W.

252 965 318 1008 84.
353 970 518 1010 pectore
548 966 666 1010 inqffe
694 962 791 1015 tuo]
830 964 879 1003 In
905 963 1171 1018 Scaligerana
1203 973 1245 1002 et
1269 962 1591 1004 Broukhufiana

129 1020 310 1064 pectori,
353 1018 468 1071 quod
498 1030 539 1058 et
562 1019 723 1074 Regius
746 1035 839 1058 cum
865 1021 1009 1060 Guelf.
1036 1036 1070 1059 1.
1098 1020 1240 1059 habet·
1301 1018 1384 1060 Sed
1410 1020 1520 1060 illud
1550 1031 1593 1062 et

136 1071 301 1121 lenius,
344 1084 386 1113 et
416 1077 696 1130 exquisitioris
728 1075 980 1122 structurae5
1025 1076 1170 1132 itaque
1201 1086 1314 1116 recte
1347 1087 1591 1118 revocatum

138 1141 160 1164 a
185 1127 365 1179 Vulpio‚
400 1146 493 1170 cum
520 1133 600 1171 iam
623 1143 720 1171 ante
742 1134 785 1172 in
811 1134 1006 1173 omnibus
1033 1134 1126 1173 edd.
1148 1133 1366 1188 vulgatum
1390 1133 1502 1173 effet.
1533 1135 1591 1177 H.

135 1187 304 1224 Pectora·
323 1186 416 1229 hab.
439 1190 564 1229 etiam
585 1188 737 1229 Hamb.
760 1201 802 1230 et
825 1191 906 1229 alia
933 1190 1017 1229 duo
1041 1204 1184 1245 apogr.
1207 1189 1261 1228 H.
1282 1189 1395 1230 Voss.
1418 1190 1492 1246 qui
1512 1190 1593 1231 hoc

135 1252 249 1280 recte
280 1245 454 1298 recepit.
489 1262 576 1286 meo
608 1246 708 1285 Ask.
740 1258 782 1287 at
814 1247 858 1286 in
888 1261 1016 1303 marg.
1048 1258 1129 1287 tao.

251 1319 318 1358 85.
351 1315 468 1352 IVam
497 1324 535 1353 te
555 1330 634 1354 non
656 1315 815 1369 recepit
843 1314 895 1354 H.
918 1314 1032 1354 Voss.
1064 1330 1086 1355 e
1112 1314 1239 1354 Goth.
1271 1324 1313 1354 et
1336 1313 1502 1354 Thuan.
1533 1337 1590 1347 —

136 1381 176 1406 v.
195 1369 263 1415 86.
293 1369 662 1422 Hamhflammm·
691 1381 733 1412 et
752 1374 832 1424 sao
859 1386 921 1426 pr.
946 1373 1058 1424 fero.
1087 1372 1214 1412 Bern.
1244 1386 1416 1412 vomens,
1459 1373 1534 1413 W.

248 1445 317 1484 87.
349 1440 441 1477 Nec·
467 1442 766 1492 consanguinea
787 1441 996 1480 redimitus
1019 1450 1137 1492 terga
1164 1443 1358 1489 caterva]
1391 1439 1594 1494 Captavit

137 1490 248 1532 hanc
284 1496 512 1535 lectionem
553 1508 755 1552 tanquam
794 1498 927 1550 magis
968 1495 1231 1538 reconditam
1273 1508 1314 1536 et
1344 1497 1591 1551 exquisitam

136 1547 327 1592 Broukh.
361 1568 485 1606 quam
518 1555 751 1595 offerebant
781 1550 1093 1602 duoStatiani,
1128 1553 1212 1592 duo
1241 1553 1426 1593 Broukh.
1450 1568 1592 1594 recen·

133 1605 291 1658 tiores,
335 1610 443 1648 liber
472 1611 641 1660 Laudi,
681 1623 767 1651 tres
797 1611 1044 1666 Anglicani‚
1086 1609 1196 1649 adde
1228 1610 1372 1650 Guelf.
1402 1624 1434 1649 ι,
1460 1622 1511 1661 9.,
1550 1621 1593 1653 et

139 1663 366 1714 Cyllenius
398 1667 440 1704 in
472 1669 608 1715 notis,
651 1683 700 1708 ac
728 1670 918 1708 Venetae
946 1667 1045 1706 hinc
1074 1677 1308 1712 correctae;
1355 1670 1480 1718 (nam
1509 1668 1589 1709 Ed.

136 1721 261 1761 Rom.
287 1726 501 1775 vulgatam
523 1724 740 1775 exhibet.)
778 1724 894 1764 Mihi
921 1735 1062 1764 tamen
1095 1722 1175 1762 hoc
1204 1725 1246 1762 in
1271 1739 1318 1763 ea
1342 1725 1480 1764 minus
1503 1728 1591 1779 pla·

138 1786 228 1823 cet,
262 1779 374 1831 quod
410 1784 576 1819 nullum
604 1781 838 1821 subiectum
869 1779 1105 1834 expressum
1134 1779 1208 1828 est,
1243 1779 1313 1819 sed
1340 1781 1501 1828 ἔξωθεν
1528 1783 1590 1821 in·

135 1834 394 1888 telligendus
419 1843 535 1876 canis
558 1841 626 1877 vel
651 1841 865 1886 Cerberus;
899 1850 1139 1892 quanquam
1161 1836 1381 1876 fatendum
1403 1837 1479 1889 est,
1514 1854 1588 1878 ca-

135 1899 292 1929 tervam
315 1895 651 1945 consanguineam
685 1900 898 1951 eleganter
930 1894 1013 1933 dici
1037 1894 1087 1932 de
1112 1893 1376 1947 serpentibus
1404 1905 1589 1943 centum,

136 1962 221 1985 uno
252 1947 342 1987 satu
372 1964 464 1988 cuni
495 1952 584 2006 ipso
615 1952 762 2002 editis,
806 1953 879 2007 qui
909 1952 999 1991 eius
1027 1953 1137 1990 collo
1163 1950 1450 1991 inhaerebant.
1510 1952 1589 1991 Po·

136 2004 264 2044 tiores
286 2005 493 2048 editiones
525 2019 566 2048 et
588 2010 686 2048 libri
713 2008 839 2048 etiam
861 2007 1004 2048 Guelf.
1028 2020 1065 2047 2.
1088 2017 1127 2053 3.
1149 2007 1373 2047 exhibent:
1405 2011 1495 2047 ZVec
1515 2025 1588 2048 ca-

135 2077 199 2113 m‘s
229 2080 462 2126 angainea;
514 2088 556 2117 et
588 2077 723 2118 videri
754 2077 879 2116 debet
909 2091 962 2116 ex
992 2075 1243 2129 compendio
1279 2069 1593 2129 scripturae-55
1642 2121 1651 2131 ‘

408 2136 488 2144 ..-—

135 2153 280 2182 natum
314 2144 396 2184 effe
427 2160 484 2185 (υ.
547 2144 673 2185 Certe
704 2146 748 2184 in
776 2159 823 2184 ea
855 2146 1040 2185 lectione
1064 2143 1171 2181 nihil
1195 2142 1274 2191 est,
1307 2143 1422 2197 quod
1444 2144 1589 2199 displi-

137 2215 229 2239 cere
258 2200 419 2241 debeat.
471 2201 537 2239 Ita
565 2206 795 2251 anguinea-9
821 2217 956 2241 eomas
986 2198 1192 2240 Medusae
1225 2198 1334 2239 dixit
1360 2201 1488 2242 Ovid.
1512 2203 1588 2243 IV·

136 2256 255 2297 Trist.
284 2268 325 2307 7,
361 2270 422 2297 12.
455 2269 497 2298 et
527 2258 578 2298 de
609 2260 795 2298 Cerbero
825 2269 972 2299 auctor
1002 2256 1138 2297 Culte.
1171 2267 1265 2296 220.

277 2340 472 2388 Anguibus
500 2340 583 2374 hinc
613 2349 723 2389 atque
753 2341 835 2374 hinc
865 2341 1014 2376 horrent
1042 2340 1100 2377 cni
1130 2338 1224 2373 colla
1254 2338 1410 2385 reflexis.
1448 2336 1503 2376 H.

137 2418 264 2456 Canis
283 2422 495 2470 anguinea
515 2415 642 2456 habet
666 2417 789 2455 etiam
815 2415 913 2454 Ask.
934 2416 1057 2455 Bion.
1079 2423 1211 2468 quart.
1233 2412 1344 2453 Voff.
1364 2414 1497 2453 Zwic.
1523 2429 1585 2460 1.;

136 2472 250 2526 quod
283 2475 442 2528 recepit
474 2474 526 2512 11.
544 2473 722 2513 Vossius.
784 2472 867 2511 Sed
898 2473 1031 2512 forma
1055 2476 1282 2523 anguineus
1304 2468 1491 2523 suspecta
1513 2469 1584 2520 est,

134 2540 182 2567 ut
212 2530 368 2569 Catull.
392 2534 460 2581 64,
490 2539 581 2581 ¹93¹
619 2544 704 2568 non
735 2534 951 2580 anguineo,
982 2528 1054 2569 [ed
1078 2532 1257 2578 angmuo
1285 2525 1512 2567 secundum
1536 2527 1585 2566 li-

134 2585 231 2624 bros
253 2587 447 2627 meliores
468 2587 693 2643 legendum
716 2584 797 2625 effe
819 2587 1025 2640 praecipit
1036 2585 1216 2625 Voffius.
1238 2582 1583 2630 add.Rroukhus.

133 2641 185 2681 ad
214 2643 496 2698 Propert.IV,
520 2652 562 2694 8,
591 2658 655 2684 ιο.
687 2653 730 2684 et
758 2642 1060 2683 Forceninium
1091 2641 1132 2682 h.
1162 2656 1254 2682 voc.
1309 2641 1453 2696 Quare
1483 2640 1586 2704 haec

1493 2710 1585 2752 qur-
