1722 2919
534 115 667 159 LIB.
701 117 735 158 1.
802 116 1000 158 ELEG.
1035 119 1088 159 X.
1462 120 1542 161 204}

87 245 237 274 cuncta
272 234 322 274 ad
359 231 661 288 rempublicam
694 231 869 281 referri,
909 247 991 285 qua
1021 238 1132 272 tenui
1162 231 1354 288 angustas
1385 232 1543 272 civium

88 293 251 335 domos,
314 293 391 333 w,

200 350 268 396 63.
322 349 510 398 Perfluat
548 354 586 385 et
622 351 759 396 pomis
798 347 999 386 candidus
1035 356 1129 385 ante
1147 350 1292 395 finus]
1345 348 1546 399 Perpluat

86 421 138 446 ex
170 404 332 446 Heinssi
372 401 669 443 emendatione
710 413 962 457 receperant
1001 402 1193 443 Broukh.
1234 415 1275 443 et
1309 405 1434 458 vulp.
1474 418 1544 443 ne-

87 478 169 519 que
204 477 282 517 ego
323 461 467 515 itaque
500 471 660 500 mutare
693 459 879 499 sustinui.
948 460 995 498 ln
1030 460 1107 500 Ed.
1141 460 1292 513 Scalig.
1326 461 1546 514 legebatur

77 522 309 573 prm-fluat,
352 528 391 557 et
423 519 474 556 lic
506 518 611 571 fleg.
645 528 687 557 et
717 518 788 557 alii
821 517 935 571 apud
964 517 1169 562 Statium,
1213 531 1306 555 cum
1339 518 1482 557 Guelf.
1505 525 1545 564 3.

86 577 137 618 In
171 575 281 624 aliis,
314 576 437 615 etiam
472 575 514 613 in
542 575 717 616 Corvin.
753 576 897 616 Guexf.
927 590 960 614 ι.
991 582 1031 625 4.
1056 576 1261 628 perfluat,
1292 585 1337 613 ut
1365 586 1547 629 utraque

85 632 245 682 editiO,
288 643 332 673 et
360 647 407 672 ea
439 635 612 687 vulgata
645 632 743 672 inde
776 632 826 671 ab
859 632 1026 672 Aldinis
1058 642 1148 673 erat
1178 631 1328 675 lectio;
1376 631 1420 669 in
1452 632 1547 684 qui-

84 690 286 740 busdam,
319 701 367 730 ut
389 703 561 745 quoque
583 690 626 728 in
649 690 792 730 Guelf.
818 700 852 728 2.
869 722 879 738 ,
913 689 1249 742 etiamprqlluat.
1303 689 1390 726 Iam
1409 691 1548 739 pluere

86 760 129 789 et
154 751 287 801 fluere
321 746 445 800 saepe
486 757 721 800 permutata
765 747 930 788 videbis
971 762 1038 803 ap.
1069 744 1216 790 Heius.
1262 745 1316 785 ad
1348 744 1478 785 Ovid.
1512 746 1547 783 l.

85 807 196 847 :Men
238 813 335 853 572.
381 803 571 844 Broukh.
612 804 664 843 ad
705 805 898 859 Propert.
931 804 998 855 11,
1037 808 1112 854 ιδ,
1145 811 1187 852 8.
1232 801 1454 842 Drakenb.
1496 801 1551 839 ad

85 863 237 904 Silium
270 863 373 911 XII,
406 870 473 907 53.
509 860 562 900 cf.
595 860 711 902 Obff.
742 860 866 902 Misc.
900 862 995 902 Vol.
1019 862 1143 904 VIII.
1173 874 1215 914 p.
1237 862 1333 908 263.
1364 874 1444 900 uec
1474 860 1552 898 ali·

86 932 153 961 ter
191 919 293 961 esset
326 918 530 958 iudicium
571 919 613 958 in
644 918 821 958 Tibullo
852 934 1024 974 quoque
1056 917 1383 966 instituendum,
1431 915 1462 956 si
1492 918 1551 955 le·

10 1028 16 1032 .
87 975 241 1018 ctionis
271 981 357 1017 ulla
395 975 498 1016 ess'et
525 977 720 1016 varietas.
779 977 907 1016 Nunc
931 976 1164 1017 verendum
1193 974 1272 1024 est,
1302 989 1356 1015 ne
1377 978 1551 1029 poetam

88 1036 298 1093 elegantia
330 1035 497 1089 aliqua,
540 1048 665 1089 quam
698 1043 771 1073 aut
802 1034 942 1074 noluit
973 1045 1047 1075 aut
1082 1048 1169 1074 non
1201 1031 1446 1072 recordatu·
1478 1028 1552 1079 est,

87 1092 418 1133 oneraverimus.
490 1091 548 1131 Et
588 1092 644 1131 ita
687 1092 847 1131 centies
879 1092 1022 1146 passim
1054 1092 1099 1132 in
1130 1090 1271 1146 poetis
1303 1089 1477 1134 Graecis
1507 1097 1554 1127 et

86 1150 292 1192 Romanis
332 1151 491 1189 factum
523 1145 723 1204 suspicor.
797 1154 853 1190 At
884 1152 1063 1190 alterum
1094 1148 1202 1190 illud
1233 1147 1362 1187 miror
1391 1143 1554 1187 nemini

87 1205 373 1262 displicuiffe,
429 1221 524 1246 cum
566 1217 650 1246 tam
694 1207 839 1246 ieiune
881 1217 923 1247 et
962 1206 1096 1248 otiose
1135 1206 1295 1247 dictum
1326 1205 1398 1245 fit:
1446 1205 1553 1250 veni,

77 1267 317 1320 spicamque
347 1275 488 1304 teneto.
550 1265 610 1305 Ut
639 1263 778 1304 adesse
809 1264 1006 1304 iubeatur
1027 1265 1131 1317 dea,
1162 1264 1347 1304 formula
1369 1260 1554 1302 sollenni

88 1324 160 1370 sm
202 1334 246 1363 at
274 1333 424 1378 reputa
457 1321 589 1362 illud:
629 1326 722 1361 veni
753 1337 804 1361 ac
832 1332 918 1362 tene
936 1324 1115 1376 spicam.
1173 1318 1377 1362 Inustrari
1408 1331 1552 1359 tamen

88 1379 222 1438 potest
254 1395 277 1420 e
307 1380 380 1420 lib.
416 1379 471 1419 11.
506 1381 571 1418 El.
610 1394 652 1426 ι,
684 1389 723 1426 3.
756 1388 795 1428 4.
853 1381 1044 1427 Bacche,
1074 1386 1191 1427 veni,
1230 1380 1442 1432 dulcisque
1471 1381 1553 1416 tuis

88 1457 109 1479 a
146 1439 335 1478 cornibus
375 1452 457 1476 uva
499 1437 706 1481 Pendeat,
764 1447 802 1475 et
830 1438 963 1488 spicia
1005 1446 1187 1488 tempora
1223 1440 1366 1485 cinge,
1421 1436 1551 1474 Cerea.

90 1498 199 1539 Sunt
228 1495 332 1535 haec
365 1493 561 1531 adiuncta
595 1506 671 1547 pro
702 1492 928 1547 epithetis,
971 1503 1014 1533 et
1042 1510 1132 1535 eam
1166 1493 1254 1533 vim
1287 1492 1471 1541 habent,
1503 1502 1552 1531 ut

89 1567 292 1607 tanquam
319 1549 559 1606 praesentes
584 1550 728 1590 videas
753 1550 853 1591 deos
870 1583 881 1600 ,
917 1553 1133 1592 attributis
1157 1551 1242 1592 sui·
1266 1549 1460 1606 infigunt.
1492 1550 1551 1591 H.

91 1612 280 1663 Perfluat
310 1607 461 1648 Hamb.
495 1617 538 1646 et
567 1607 702 1647 Zwic.
748 1625 780 1648 ι.
824 1619 863 1649 2.
923 1610 986 1648 Ac
1027 1610 1180 1664 probat
1219 1607 1332 1648 idem
1364 1607 1553 1646 Goeren-

92 1670 206 1717 zius,
258 1665 436 1708 laudans
479 1664 570 1704 Cic.
613 1664 708 1702 Fin.
748 1665 818 1716 11,
863 1673 959 1713 35.:
1019 1670 1234 1719 Per-pectas
1275 1664 1553 1715 voluptatibus

83 1730 312 1784 perfluens,
353 1735 608 1780 quamquam
639 1721 700 1762 ibi
730 1733 949 1778 receptum
978 1727 1029 1766 ht
1050 1728 1285 1780 perfruens.
1345 1722 1420 1764 W.

1488 2746 1553 2794 IN
