1722 2919
181 194 263 239 150
485 197 874 240 OBSERVAT.
920 198 995 240 IN
1033 199 1335 241 TIBVLLI

181 312 404 358 Tibullus,
448 310 557 352 dicta
589 323 790 353 retractat
821 323 863 353 et
895 312 1067 364 corrigit
1097 324 1196 354 vota
1229 313 1392 354 adiecto
1421 315 1489 354 Sit
1511 313 1630 354 modo

181 373 321 418 casta.¹
352 391 386 397 -
430 369 558 408 Paris.
580 385 689 410 meus
719 384 794 424 pro
828 380 932 409 tuus.
996 370 1068 409 W.

299 450 364 496 67.
401 453 585 501 quamvis
605 465 684 488 non
707 455 814 489 vitta
836 471 894 478 —-
915 449 1113 501 impediat
1133 453 1258 490 crines
1268 479 1282 497 ,
1312 464 1384 489 nec
1395 452 1509 500 stola
1537 452 1630 489 lon-

180 518 242 556 ga
265 506 401 557 pedes,
459 508 529 546 De
548 508 660 556 stola
684 506 817 544 rernifi
839 506 890 545 ad
909 505 1145 545 Broukhus.
1161 536 1171 553 ,
1207 521 1226 546 e
1248 520 1333 560 quo
1354 517 1491 546 tamen
1515 504 1632 544 haud

184 562 313 600 facile
348 561 503 610 discas,
546 578 652 618 quae
683 562 781 601 stola
817 562 972 607 fuerit;
1017 562 1091 601 etsi
1119 577 1205 602 rem
1238 562 1427 601 nondum
1460 563 1630 602 omnino

186 618 427 670 expeditam
459 618 539 658 esse
573 620 722 668 video,
766 619 950 658 fueritne
981 618 1125 658 eadem
1159 634 1251 657 cum
1283 619 1453 669 tunica,
1494 634 1544 659 an
1569 618 1625 657 di-

185 674 317 714 versa.
379 678 487 716 Nam
513 677 679 715 tunicae
703 676 898 715 iniectam
925 676 1117 715 videmus
1139 676 1182 714 in
1203 675 1325 726 signis
1350 686 1631 714 matronarum

185 732 310 770 aliam
334 731 509 781 vestem,
544 734 611 770 cui
633 731 950 786 superinduitur
968 735 1115 784 pctlla‚·
1145 732 1266 771 vestis
1289 733 1363 771 illa
1394 731 1526 785 potest
1552 745 1630 785 pro

183 787 284 828 stola
309 788 466 828 haberi.
512 789 638 828 Licet
661 799 800 828 tamen
824 799 969 829 tenere
991 792 1192 835 alterum,
1220 788 1362 828 stolam
1384 788 1510 828 fuisse
1532 802 1627 827 ean-

188 844 280 883 dem
314 860 407 883 curn
439 845 580 884 tunica
616 856 896 884 matronarum
931 845 983 884 ad
1015 845 1143 899 pedes
1171 845 1363 890 demiffa;
1407 845 1543 884 eidem
1567 849 1632 883 ιἠ-

182 905 319 949 stilcmz
344 901 577 949 subsutam,
609 901 778 941 fasciam
800 917 1078 956 purpuream,
1111 902 1225 956 quod
1247 902 1462 942 Ferrarius
1489 901 1634 940 docuit

189 958 240 997 de
265 974 309 997 re
334 958 493 998 vestiar.
524 960 603 1007 11¹,
639 969 726 1006 17.‚
771 974 1026 1014 quamquam
1049 962 1208 998 nullam
1236 958 1428 998 disertam
1453 958 1634 997 auctori·

187 1025 317 1054 tatem
357 1017 511 1055 veteris
547 1016 759 1069 scriptoris
797 1017 944 1055 afferre
981 1017 1143 1069 potuit3
1203 1030 1298 1055 narn
1338 1030 1390 1055 ex
1420 1016 1568 1054 Horat.
1601 1015 1636 1055 I.

188 1073 318 1111 Serm.
344 1083 381 1123 2,
407 1086 472 1123 29.
505 1083 545 1112 et
565 1088 617 1112 ex
638 1075 742 1111 locis
767 1073 993 1112 Ovidianis
1015 1087 1080 1112 res
1103 1073 1146 1110 in
1169 1083 1316 1126 aperto
1336 1086 1423 1112 non
1445 1070 1513 1111 est.
1553 1071 1635 1111 Pro

187 1134 374 1181 quamvis
393 1146 474 1169 non
493 1129 546 1168 est
564 1147 599 1182 (s.
623 1146 694 1167 nec
714 1131 756 1167 in
779 1130 922 1169 Guelf.
949 1147 982 1170 1.
1005 1138 1043 1179 4.
1079 1132 1133 1168 Η.
1192 1130 1409 1169 Iuvenalis
1439 1129 1501 1179 II,
1543 1137 1634 1178 124.

186 1184 331 1225 stolam
354 1190 522 1243 longam
546 1186 648 1225 dicit
666 1191 808 1238 longos
827 1188 999 1226 liabitas.
1040 1188 1132 1226 Par.
1156 1191 1266 1226 victa
1286 1201 1363 1240 pro
1383 1190 1500 1226 vitta.
1561 1187 1635 1226 W.

305 1279 373 1328 69.
422 1280 478 1317 Et
503 1280 606 1317 mila·
624 1276 742 1330 stne]
790 1280 897 1333 ch.
933 1287 974 1317 et
1008 1277 1081 1316 alii
1114 1286 1156 1315 et
1186 1287 1365 1330 utraque
1397 1275 1505 1315 Edd.
1540 1291 1634 1316 cum

187 1332 283 1372 aliis
304 1337 404 1386 sunt
441 1336 572 1384 (Stat.
605 1345 746 1373 notat:
790 1335 834 1373 in
865 1334 1058 1373 omnibus
1089 1334 1178 1373 fere
1208 1333 1327 1372 libris
1357 1335 1481 1386 sunt;
1522 1332 1632 1372 idem

187 1390 231 1428 in
260 1405 403 1447 apogr.
433 1392 652 1431 nonnullis
685 1414 734 1420 -—
766 1391 895 1430 Goth.
926 1414 979 1421 —
1012 1392 1146 1441 W.),
1200 1399 1242 1429 et
1273 1401 1340 1438 70.
1365 1393 1546 1441 poffum,
1586 1401 1635 1430 ut

192 1458 234 1485 et
265 1449 338 1485 alii
369 1449 482 1502 apud
502 1447 691 1486 Broukh.
721 1450 790 1498 (et
821 1461 966 1502 apogr.
1000 1447 1206 1501 quaedam
1226 1469 1281 1477 —
1305 1447 1434 1486 Goth.
1459 1470 1513 1477 —
1543 1449 1634 1496 W.)

190 1518 286 1543 cum
315 1505 412 1544 Ald.
446 1516 650 1561 utraque;
683 1505 726 1542 in
757 1503 938 1543 fecunda
969 1505 1094 1544 etiam
1125 1518 1196 1555 ego
1228 1502 1431 1542 omiffum.
1471 1505 1628 1545 Mutet.

179 1564 269 1609 sint
299 1584 352 1590 —
381 1566 553 1614 posftm,
583 1567 704 1616 quin,
740 1560 915 1614 expulso
946 1576 1029 1613 ego.
1074 1561 1128 1600 H.
1190 1559 1286 1600 Ald.
1324 1575 1357 1598 ι.
1390 1571 1428 1599 2.
1460 1565 1554 1601 Sint
1576 1584 1634 1592 —

182 1621 332 1671 pqssim
355 1642 412 1650 —-
432 1629 554 1670 putat
579 1641 629 1648 ——
659 1621 858 1669 ductorque
887 1640 938 1647 —
963 1621 1261 1670 proripiorqae.
1319 1618 1437 1657 Mur.
1468 1621 1560 1658 Sint
1578 1641 1634 1649 —

182 1678 329 1727 pqfflim
360 1701 412 1707 —
439 1686 561 1728 putor
584 1698 638 1706 —
669 1677 868 1726 clucorque
899 1696 951 1703 -—
975 1678 1283 1726 proripiet-que;
1314 1689 1336 1713 a
1359 1688 1444 1728 quo
1460 1674 1633 1724 Statius,

192 1733 357 1771 nonnisi
378 1738 536 1784 poffum
566 1729 830 1779 exhibendo,
864 1729 1056 1770 discedit.
1102 1731 1290 1784 Scaliger
1321 1730 1469 1771 modos
1499 1746 1633 1771 emen-

192 1787 334 1838 davit,
368 1791 525 1845 quippe
551 1790 625 1843 qui
653 1789 865 1839 ‹luc-terque
886 1791 1236 1840 —prorz'piarqne
1265 1787 1420 1832 edidit3
1452 1801 1632 1842 quocum

191 1845 296 1884 facit
318 1847 468 1897 Corv.,
500 1846 575 1885 nisi
603 1844 716 1900 quod
746 1847 946 1896 deu-arque
969 1845 1154 1898 praebet.
1185 1844 1318 1883 Zwic.
1352 1860 1384 1882 ι.
1409 1855 1446 1883 2.
1473 1846 1629 1884 Guarn.

191 1901 314 1941 Paris.
337 1907 424 1952 sint
454 1928 506 1933 —
532 1907 699 1953 poffimz.
731 1924 784 1930 —
826 1902 976 1940 Venet.
998 1903 1098 1954 sunt
1132 1924 1181 1931 —
1217 1904 1398 1951 pofficm,
1439 1915 1546 1955 quae
1574 1904 1632 1941 le-

193 1960 278 1998 ctio
310 1976 384 2013 per
413 1960 454 2001 se
487 1961 605 2001 sensu
637 1974 720 1998 non
750 1968 883 2007 caret,
917 1958 959 2007 fi,
992 1957 1045 1997 ad
1077 1960 1146 2005 67.
1175 1962 1241 2004 68.
1274 1958 1338 1997 his
1368 1957 1527 2008 relatis,
1559 1957 1634 1997 sta-

194 2016 299 2063 tuis,
332 2018 548 2058 Tibullum
577 2015 853 2070 exponendO,
891 2029 998 2069 quae
1030 2015 1103 2054 fibi
1136 2014 1336 2069 patienda
1367 2014 1468 2064 fint,
1502 2014 1633 2054 osten-

195 2072 293 2111 dere
325 2078 460 2122 velle,
502 2073 604 2112 iusta
636 2072 676 2112 se
708 2070 930 2126 postulare.
990 2075 1180 2126 Eamque
1212 2071 1452 2111 novissimus
1483 2071 1632 2120 editor,

194 2141 241 2167 ut
275 2129 389 2168 sensu
423 2131 659 2184 flagitante,
705 2129 844 2176 dedit,
889 2128 1099 2177 statuens,
1150 2129 1213 2167 his
1245 2127 1384 2167 verbis
1415 2128 1632 2166 transitum

197 2185 246 2224 ad
278 2186 611 2242 castigationem,
663 2200 786 2241 quam
822 2196 887 2233 73.
918 2186 1068 2225 Albius
1100 2183 1435 2229 denuntiaverit,
1489 2195 1634 2238 aptum

194 2243 346 2296 parari.
387 2241 462 2282 VEt
492 2257 721 2296 pronomen
756 2256 853 2293 ego,
886 2241 999 2297 quod
1034 2256 1111 2280 nec
1142 2256 1285 2297 apogr.
1322 2244 1521 2280 nonnulla
1557 2254 1634 2280 nec

196 2300 354 2338 ‘cintius
387 2300 536 2347 habet,
570 2300 715 2348 eiecit,
749 2310 798 2338 ut
830 2302 1022 2338 voculam
1055 2298 1282 2344 infirmam,
1315 2297 1480 2350 vimque
1513 2296 1635 2336 verbi

187 2361 343 2409 lugffmn
381 2357 692 2409 infringentem.
762 2355 843 2394 Sed
884 2359 1054 2395 alteram
1085 2365 1132 2394 ut
1163 2352 1410 2398 defendam,
1451 2353 1633 2407 primum

198 2414 239 2452 id
271 2412 394 2460 facit,
438 2411 551 2466 quod
583 2413 625 2450 in
657 2412 912 2450 carminibus
940 2411 1102 2450 Tibulli
1129 2410 1298 2466 vestigia
1327 2423 1531 2462 nusquam
1563 2423 1633 2449 ex-

196 2469 324 2519 stant,
374 2470 544 2509 Deliam
587 2478 701 2507 tanta
740 2469 953 2521 zelotypia
988 2467 1220 2514 incensam,
1274 2467 1316 2504 in
1348 2464 1515 2504 Albium
1546 2475 1633 2505 tam

197 2526 381 2565 severam
417 2536 458 2565 et
486 2523 675 2564 acerbam
709 2523 858 2573 fuiss'e,
909 2528 1076 2578 qualem
1109 2524 1236 2565 verba
1263 2525 1417 2573 poffum
1448 2543 1497 2552 —
1526 2536 1633 2561 meos

197 2584 312 2621 illam
343 2582 565 2626 exhibent;
617 2595 694 2620 nec
726 2580 945 2620 verisimile
977 2581 1054 2632 est,
1109 2581 1266 2636 quippe
1308 2593 1423 2633 quae
1446 2578 1515 2617 fibi
1547 2589 1633 2618 tam

198 2643 324 2677 multa
358 2637 600 2694 permiserit.
670 2636 841 2675 Deinde
873 2639 1038 2689 quoties
1071 2638 1115 2676 in
1146 2637 1272 2677 verba
1303 2640 1359 2674 λλ
1389 2636 1488 2674 milu'
1510 2634 1632 2688 figni-

200 2696 387 2736 ticantia:
425 2696 524 2735 milii
552 2709 726 2747 quoque,
767 2691 919 2741 incidi,
962 2695 1034 2733 illa
1067 2694 1119 2734 ad
1148 2693 1287 2748 priora
1319 2690 1478 2745 semper
1498 2693 1632 2729 relata

200 2753 310 2800 inii,
343 2767 429 2792 uon
459 2752 512 2792 ad
542 2750 785 2806 sequentia,
819 2749 931 2789 conf.
959 2751 1019 2801 Il,
1052 2754 1091 2799 6,
1122 2765 1182 2790 ιο.
1222 2751 1372 2803 ltaque
1397 2746 1518 2789 voffii
1541 2745 1631 2810 sen-

1465 2813 1636 2841 tentiam

1712 2428 1722 2919 -ssssu——fi———m
