1722 2919
177 148 262 195 504
486 147 878 189 OBSERVAT.
923 147 999 188 IN
1040 145 1344 188 TIBVLLI

173 265 283 306 ratio
322 263 429 303 haec
469 273 580 307 erat;
634 277 756 316 quarn
789 261 1088 302 emendatione
1125 262 1359 316 corrigere,
1411 261 1455 302 ef:
1483 274 1626 302 veram

174 327 348 363 alteram
386 320 590 359 librorum
630 320 856 359 lectionem
895 320 1110 374 negligere
1152 319 1286 358 bonus
1329 320 1498 358 criticus
1540 333 1628 357 non

175 379 314 419 debet.
374 377 556 431 Legitur
587 391 758 430 quoque
791 380 920 432 vulgo
951 377 996 414 in
1026 374 1190 429 scriptis
1224 386 1266 415 et
1295 375 1391 416 edd.
1424 377 1627 414 meditan-

176 440 256 485 tis,·
299 435 484 473 correxit
512 433 610 472 Ald.
645 432 723 473 sec.
758 434 809 472 H.
871 434 1039 485 insanae
1063 455 1115 463 —-
1140 435 1310 483 linguae
1339 434 1466 472 etiam
1501 431 1624 470 Vind.

172 494 350 534 Monac.
384 501 428 531 et
463 489 575 531 Voff.
608 497 649 536 5.
689 489 888 544 superscr.
918 493 1087 539 mentis;
1135 494 1280 529 mentis
1322 487 1459 540 (fic!)
1499 488 1626 529 Goth.

172 550 231 590 id.
257 550 489 589 meditantis
517 562 610 587 cum
643 547 735 585 aliis
767 547 863 586 libr.
922 548 997 585 W.

294 614 354 656 14.
405 608 539 655 lmpz'a
577 608 622 642 ιή,
658 604 844 657 adversos
870 605 1072 656 solvimus
1111 617 1184 641 ora
1223 600 1343 654 deos]
1399 603 1562 658 Regius
1603 615 1628 640 a

172 663 307 720 prima
339 676 488 709 manu,
538 665 757 699 movimus:
807 660 880 700 fed
910 660 991 699 hoc
1031 660 1115 698 alio
1144 659 1271 698 modo
1304 660 1469 699 dicitur.
1531 661 1628 699 Sol-

171 737 264 761 vere
301 728 345 759 et
382 721 570 771 resolvere
600 733 673 756 ora
704 718 908 772 frequens
937 716 989 756 de
1018 716 1309 770 loquentibus.
1385 716 1516 757 Ovid.
1547 717 1624 756 IX.

170 779 282 820 Met.
310 779 407 828 426.

402 866 457 875 --
513 863 570 873 —-
630 845 747 880 donec
766 842 843 894 sua
871 845 1012 892 Iupiter·
1043 858 1111 880 ora

403 904 536 940 Solvit.

170 984 225 1023 cf.
258 982 387 1034 Vulp.
420 979 472 1019 ad
504 978 545 1018 h.
575 981 604 1018 1.
663 979 796 1018 Porro
829 979 989 1031 aversos
1016 977 1058 1016 h.
1094 981 1222 1016 iratos
1251 973 1542 1015 Broukhufius
1573 990 1626 1015 ex

171 1037 466 1080 emendatione
506 1046 662 1076 temere
704 1036 917 1075 intulerat.
978 1035 1194 1089 Loquitur
1233 1039 1361 1088 poeta
1402 1032 1454 1072 de
1494 1033 1625 1087 impio

168 1098 314 1136 furore
346 1093 446 1132 deos
478 1092 772 1137 conviciandi;
805 1092 971 1132 faciunt
1000 1092 1044 1130 id
1073 1092 1133 1129 ira
1157 1089 1313 1135 infani3
1347 1099 1389 1128 at
1420 1089 1624 1143 quando?

170 1149 477 1209 quamobrem?
529 1149 702 1204 quando
737 1148 953 1188 adversam
983 1149 1226 1196 fortunam,
1279 1145 1476 1186 adversos
1506 1143 1624 1184 casus

169 1209 336 1263 experti
384 1206 504 1253 sunt,
563 1206 755 1260 adeoque
802 1208 894 1245 deos
934 1205 1124 1244 habuere
1172 1205 1382 1256 adversos,
1441 1201 1627 1241 infestos.

171 1267 260 1321 Qui
301 1266 459 1318 aversos
496 1266 588 1302 deos
628 1262 799 1312 habuit,
850 1273 899 1301 ut
940 1276 1085 1315 preces
1116 1277 1202 1301 non
1231 1259 1474 1307 exauditas,
1525 1268 1626 1298 vota

168 1337 255 1364 uon
287 1332 376 1361 rata
407 1319 490 1360 effe
516 1319 688 1367 sentiat,
730 1321 765 1357 is
796 1319 1072 1359 contristatur.

289 1409 352 1448 15.
399 1402 530 1450 Saepe
568 1400 725 1452 quidem
764 1402 859 1437 cani
890 1398 1085 1438 Vincent.
1126 1398 1296 1452 Specul.
1337 1395 1514 1435 doctrin.
1547 1393 1624 1442 VI,
1665 1436 1671 1441 ⁷

172 1473 263 1499 100.
296 1467 340 1496 et
367 1471 465 1495 mox

286 1517 348 1554 16.
398 1517 531 1563 Saepe
569 1517 680 1552 venit
716 1516 841 1552 tacito
869 1534 937 1550 —.
977 1513 1033 1552 H.
1118 1509 1235 1551 Vers.
1271 1517 1334 1556 15.
1371 1509 1525 1547 nudum
1562 1521 1624 1560 pr.

166 1575 344 1615 nondum
383 1570 498 1610 Vols.
546 1587 579 1609 1.
621 1579 660 1616 5.
748 1570 973 1610 Caeterum
1027 1578 1241 1622 comparat
1286 1568 1322 1607 I.
1369 1566 1426 1605 H.
1460 1563 1623 1605 Voffius

164 1633 329 1672 Lucan.
362 1629 414 1676 V,
445 1630 564 1678 456:
604 1629 756 1678 laesam
783 1627 886 1666 mehe
915 1628 1032 1665 diam.
1094 1627 1165 1664 W.

286 1687 351 1727 16.
390 1687 508 1725 tardo
527 1686 727 1737 —pecle]
768 1685 890 1723 Unus
921 1682 1110 1724 Broukh.
1138 1685 1288 1728 tacito,
1340 1679 1458 1736 quod
1488 1680 1623 1719 inter-

164 1747 356 1800 polatum
385 1757 438 1782 ex
470 1741 600 1782 Ovid.
625 1742 681 1781 11.
723 1745 814 1782 Art.
846 1743 942 1788 670.

447 1824 529 1858 Iam
558 1826 679 1858 veniet
710 1825 824 1858 tacito
856 1837 965 1858 curva
987 1820 1138 1871 senecta
1167 1819 1273 1868 perle-

286 1924 348 1962 ¹7·
392 1915 592 1952 Natalem
626 1914 749 1960 nostri
772 1915 954 1962 primum
979 1913 1047 1957 12]
1098 1909 1161 1947 Ita
1192 1905 1383 1945 Broukh.
1424 1919 1447 1945 e
1487 1904 1622 1943 libris.

163 1973 332 2025 Vulgo,
397 1970 521 2010 etiam
574 1968 754 2015 Guelff.‚
795 1982 816 2006 a
847 1970 1039 2007 Romana
1081 1964 1203 2014 inde,
1259 1968 1395 2013 ptimo
1432 1966 1620 2011 nostrum.

162 2029 325 2081 Regius
365 2042 458 2066 cuin
500 2026 617 2074 aliis',
666 2031 805 2076 primo
844 2029 982 2074 nostri.
1022 2023 1100 2062 Ed.
1140 2020 1260 2059 Bafil.
1293 2024 1434 2071 prima
1468 2041 1516 2047 --
1544 2034 1619 2056 no-

151 2081 300 2138 stru-m.
333 2084 388 2123 H.
461 2088 598 2134 primo
632 2086 811 2131 nostram,
850 2083 983 2122 Zwic.
1025 2091 1067 2119 et
1105 2077 1208 2132 sept.
1239 2091 1381 2131 apogr.
1414 2076 1468 2115 H.
1501 2073 1617 2113 Voff.

162 2140 376 2194 (Goth.)
424 2146 543 2191 prins
572 2145 748 2189 nostrum
782 2139 935 2178 Hamb.
977 2139 1050 2176 alii
1090 2150 1155 2188 ap.
1198 2132 1251 2172 II.
1287 2132 1398 2172 Vols.
1440 2137 1620 2181 nostru-m

155 2204 293 2255 primo
332 2209 374 2238 et
409 2202 543 2247 primo
582 2201 730 2246 nostra}
778 2196 851 2236 sed
891 2199 1014 2244 nostri
1045 2196 1226 2245 primam,
1265 2189 1320 2230 eft
1350 2191 1396 2228 in
1427 2187 1541 2229 Voff.
1576 2197 1617 2235 5.

161 2259 273 2299 Mox
303 2270 420 2307 quom
440 2257 628 2307 —fcccto
660 2254 809 2293 Hamb.
870 2255 943 2292 W.

282 2323 346 2362 18.
407 2314 508 2351 Cum
546 2311 690 2351 cecidit
719 2312 820 2362 salo
861 2310 1010 2362 Consul
1049 2316 1210 2359 uterque
1241 2307 1368 2354 pari]
1430 2304 1498 2343 Ex
1535 2301 1618 2342 hoc

161 2369 287 2411 versu
319 2369 419 2409 olim
450 2369 529 2409 viri
562 2368 675 2407 docti
716 2367 970 2414 docuerant,
1020 2364 1241 2403 Tibullum
1272 2371 1416 2399 natum
1450 2357 1533 2399 esse
1564 2360 1615 2398 A.

161 2429 213 2468 V.
247 2428 295 2466 C.
328 2438 424 2475 7-11.
464 2440 548 2480 quo
579 2425 743 2462 Hirtius
785 2435 827 2463 et
856 2422 989 2463 Pansa
1021 2419 1131 2461 Coff.
1166 2421 1209 2458 in
1240 2418 1402 2473 praelio
1435 2416 1488 2455 ad
1518 2416 1618 2455 Mu-

162 2485 295 2524 tinam
326 2483 592 2529 ceciderunt,
644 2480 834 2535 adeoque
866 2480 1013 2520 eodem
1044 2492 1154 2518 anno
1187 2491 1280 2515 cum
1313 2473 1499 2522 ovidio,
1541 2471 1617 2527 qui
1682 2502 1685 2528 1.

160 2542 236 2583 IV.
267 2539 386 2580 Trist.
429 2555 493 2590 10,
527 2542 565 2581 6.
600 2539 749 2578 iisdem
783 2539 921 2578 verbis
955 2537 1006 2576 de
1036 2535 1078 2575 se
1109 2533 1304 2574 testatur:

328 2623 468 2660 Editus
498 2623 562 2656 hic
586 2634 654 2669 ego
677 2618 786 2668 sum,-
830 2633 894 2653 nec
922 2633 1016 2657 non,
1058 2626 1097 2652 ut
1127 2626 1297 2664 tempora
1325 2615 1438 2652 noris.

392 2682 483 2716 Cum
514 2678 644 2714 cecidit
667 2677 757 2725 sato
789 2675 924 2725 Consul
953 2685 1104 2725 uterque
1130 2675 1228 2723 puri.

1507 2753 1616 2794 Cum
1678 2760 1691 2781 ΐ-
