1722 2919
505 130 644 171 LIB.
676 129 710 170 I.
757 129 959 171 ELEG.
994 129 1045 171 V.
1444 129 1523 172 115

276 250 385 288 Mihi
413 251 556 285 virente
587 249 708 284 dulcis
737 263 809 285 uva
838 250 1048 296 pampino:

275 307 383 345 Mihi
413 308 551 356 glauca
583 307 675 344 duro
708 316 818 344 cocta
852 306 955 342 oliva
978 304 1143 355 frigore.

43 388 152 429 adde
184 387 324 428 Carm.
362 393 431 436 64.
467 396 511 425 et
541 387 610 433 86.
655 400 710 425 ex
748 399 835 440 quo
870 382 1021 424 eodem
1065 400 1105 423 v.
1145 391 1207 431 15.
1246 384 1309 424 16.
1352 395 1397 426 εἰ
1427 384 1523 426 aliis

42 447 147 488 locis
180 443 364 493 constat,
416 443 573 499 Priapo
606 442 774 483 hircum
808 446 879 483 vel
906 444 1146 497 porcellum
1183 453 1254 481 aut
1288 444 1410 483 aliam
1447 444 1522 483 hv.)-

41 504 157 544 stiam
188 501 315 542 fuiffe
348 512 592 551 mactatam>
639 518 678 540 v.
715 499 767 540 ad
799 516 897 541 eum
928 503 1010 540 loc.
1042 500 1277 539 Burmann.
1311 502 1402 541 Sec.
1437 503 1522 543 Cu-

42 563 170 605 stodia
216 576 317 602 vero
361 575 449 601 non
490 560 712 599 hortorum
754 558 890 598 folum
929 558 1111 612 Priapo,
1168 557 1241 598 sed
1285 568 1327 598 et
1358 560 1449 615 agri
1481 572 1524 600 et

39 622 191 660 vineae
234 630 276 660 et
307 620 440 659 villae
474 617 835 658 committebatur.
891 633 929 656 v.
967 615 1106 656 Carm.
1138 624 1206 664 50.
1240 620 1307 664 36.
1340 625 1407 664 87.
1463 620 1522 659 Η,

37 679 274 720 Dacerium
306 678 361 717 H.
393 677 562 717 Vosfius
597 675 769 716 secutus
801 686 843 716 et
873 674 944 714 1110
976 684 1020 714 et
1050 675 1086 722 Ι,
1125 691 1160 723 1,
1198 684 1263 724 14.
1298 673 1522 715 Silvanum

37 736 271 793 intelligit3
313 735 400 777 vid.
436 751 532 776 eum
567 734 619 773 ad
649 738 792 773 locum
827 734 1015 789 priorem
1045 731 1349 787 disputantem.
1409 734 1522 773 Nam

39 794 263 834 Silvanum
296 804 515 834 auctorem
547 795 740 833 culturae
773 807 973 848 agrorum
1004 789 1226 840 habitum,
1260 790 1409 846 itaque
1438 792 1525 846 pri-

38 853 179 892 mitias
213 852 253 892 ei
287 851 372 892 effe
405 851 595 897 oblata53
649 853 747 889 1000
783 850 824 900 1,
866 866 911 899 1,
949 856 1013 899 14.
1045 847 1090 887 id
1123 848 1351 900 accedere,
1405 849 1526 906 quod

37 909 254 965 primitiae
315 924 543 963 pomorum
596 918 758 948 certum
816 908 1006 963 aliquem
1058 907 1330 962 requirerent
1381 907 1522 948 deum.

37 967 249 1022 Idemque
287 965 337 1006 ad
366 966 484 1021 Virg.
521 968 614 1006 Ecl.
648 968 711 1014 X,
747 974 815 1016 24.
847 965 1089 1015 sacrificiis,
1126 964 1271 1020 qualia
1305 965 1421 1021 apud
1453 966 1524 1005 Ti-

38 1026 208 1065 bullum
242 1034 652 1072 commemorantur,
688 1025 914 1063 Silvanum
947 1021 1031 1062 else
1061 1025 1306 1076 placatum,
1342 1039 1394 1064 ex
1419 1040 1525 1064 non-

38 1084 172 1123 nullis
210 1081 462 1136 scriptorum
494 1081 601 1120 locis
647 1081 807 1121 docuit.
885 1082 944 1121 At
975 1081 1073 1119 deas
1104 1082 1297 1132 agricola
1329 1082 1525 1123 absolute

38 1142 98 1181 ita
142 1141 327 1191 dictum,
379 1149 429 1179 ut
461 1139 686 1179 Silvanum
719 1150 913 1189 notaret,
963 1139 1039 1179 ille
1071 1153 1159 1177 non
1193 1137 1523 1182 demonstravit;

39 1209 84 1240 et
112 1199 187 1254 qui
212 1199 249 1247 I,
286 1214 321 1248 1,
361 1205 423 1244 15.
461 1208 524 1246 17.
556 1195 795 1252 sequuntur
822 1198 914 1247 dei,
951 1198 996 1237 in
1016 1199 1218 1249 agricolis
1243 1195 1381 1235 habiti
1403 1194 1523 1240 sunt3

39 1271 119 1296 nec
159 1255 200 1295 h.
233 1260 261 1296 1.
304 1254 609 1296 sacrificiorum
649 1255 882 1296 similitudo
917 1254 1153 1312 quidquam
1186 1254 1354 1306 probat.
1413 1253 1526 1293 Nam

38 1315 197 1369 Priapo
231 1314 406 1370 quidem
439 1314 587 1354 eadem
610 1313 703 1354 fere
724 1313 928 1354 sacrificia
943 1338 954 1357 ,
990 1319 1101 1360 quae
1124 1309 1194 1344 hic
1215 1316 1523 1356 memorantur,

40 1370 138 1411 data
171 1371 291 1417 sunt,
347 1372 436 1407 vicl.
470 1368 630 1406 Catull.
664 1366 797 1413 XIX,
837 1379 963 1404 10—
990 1366 1078 1408 16.;
1127 1374 1170 1403 et
1202 1363 1284 1402 diis
1325 1365 1525 1420 agricolis

41 1430 165 1482 plura
199 1425 405 1466 sacrificia
445 1423 685 1464 communia
723 1422 850 1463 fuisse
887 1420 1114 1476 probabile
1149 1419 1218 1460 est.
1289 1421 1354 1460 Ita
1387 1436 1432 1461 re
1463 1422 1525 1460 in-

44 1495 184 1532 certa,
219 1499 313 1523 cum
348 1485 444 1522 deus
475 1482 544 1531 ΙΙ,
580 1488 620 1529 5,
656 1488 724 1533 95.
759 1490 800 1519 et
831 1481 900 1528 II,
939 1496 976 1527 1,
1011 1490 1049 1529 9-
1083 1478 1313 1518 collective
1346 1479 1526 1518 Tibullo

37 1541 297 1596 ,usurpatum
341 1538 424 1579 effe
467 1537 616 1595 negari
655 1548 866 1594 nequeat,
923 1549 1003 1593 ego
1045 1534 1220 1590 quidem
1252 1536 1405 1591 Vulpii
1437 1537 1527 1592 opi.

41 1601 218 1640 nionem
249 1601 496 1653 amplector.
557 1596 632 1635 W.

163 1688 230 1729 23.
274 1694 358 1733 pro
378 1680 520 1731 segete
539 1678 710 1731 spicas]
766 1675 964 1730 Utraque
995 1674 1115 1714 Edit.
1149 1688 1246 1714 cum
1278 1673 1451 1713 multis:
1490 1683 1528 1713 et

0 1759 1 1799 ;
31 1740 203 1793 [μέσᾳ-ς,
237 1749 286 1778 ut
317 1735 481 1777 scilicet
511 1734 679 1776 versum
709 1733 931 1773 fulcirent.
977 1731 1084 1772 Cod.
1118 1733 1227 1789 Reg.
1248 1733 1431 1785 spicam.
1470 1733 1528 1772 H.

0 1806 3 1854 ᾗ
42 1800 205 1854 Apogr.
247 1796 441 1852 quinque
485 1793 589 1834 dant
630 1803 668 1833 et
695 1795 841 1848 spicas
883 1806 981 1831 cum
1023 1793 1184 1831 Guarn.
1225 1790 1361 1830 Zwic.
1411 1807 1445 1831 1.
1488 1802 1525 1830 Ξ.

1 1861 4 1900 Ι
42 1857 177 1899 Paris.
212 1865 255 1895 et
286 1855 443 1894 Vener.
469 1875 525 1883 -—
556 1851 714 1893 Hamb.
748 1867 883 1890 cerere
913 1860 963 1888 et.
1005 1849 1056 1887 In
1091 1848 1221 1889 Corv.
1251 1858 1295 1888 et
1327 1849 1457 1889 Goth.
1491 1859 1530 1888 et

2 1939 5 1968 3
44 1916 161 1954 recte'
193 1911 318 1954 deest.
367 1912 479 1952 Nam
508 1910 675 1965 syllaba
707 1909 851 1950 brevis
882 1918 919 1948 te
947 1906 1224 1963 producitur,
1266 1907 1367 1962 quia
1400 1907 1527 1948 initio

4 1985 5 1999 ¹
43 1971 163 2012 vocis
194 1969 411 2026 sequentis
446 1968 555 2009 duae
589 1968 690 2008 sunt
721 1966 1031 2012 consonante53
1067 1964 1155 2006 vid.
1186 1965 1333 2005 Bentl.
1363 1966 1419 2006 ad
1438 1966 1528 2006 Ho-

41 2041 120 2071 rat.
154 2029 239 2071 Od.
264 2029 347 2080 III,
387 2040 452 2080 19.
483 2043 525 2083 p.
561 2038 654 2076 157.
715 2027 791 2068 W.

163 2133 232 2175 29.
280 2123 365 2162 Illa
394 2124 539 2175 regat]
591 2130 707 2173 reget
748 2118 835 2158 duo
873 2116 1000 2172 Angl.
1043 2115 1158 2171 apud
1195 2115 1390 2156 Broukh.
1432 2131 1528 2156 cum

46 2181 195 2222 Guelf.
227 2192 265 2220 9..
307 2180 363 2219 H.
407 2179 611 2219 Tibullus
641 2179 791 2218 futura
823 2175 901 2215 fibi
929 2178 1041 2215 laeta
1070 2175 1263 2232 fingens,
1319 2189 1368 2214 ea
1397 2174 1528 2215 modo

46 2249 97 2278 ut
123 2253 226 2279 vere
255 2236 467 2279 exstatura
494 2259 552 2267 —-
582 2240 716 2277 colam
735 2258 791 2266 —
822 2235 958 2273 aderit
983 2255 1041 2263 —-
1058 2235 1189 2287 sciet,
1219 2232 1350 2273 modo
1381 2243 1431 2272 ut
1462 2247 1529 2272 co·

48 2297 181 2352 gitata
213 2305 332 2349 regat
359 2319 419 2328 --
449 2295 645 2334 detrahat
678 2318 724 2324 -
762 2302 873 2332 caret
901 2292 1045 2346 ponit;
1086 2291 1139 2331 de
1170 2306 1256 2347 quo
1289 2291 1530 2332 coniuncti-

47 2368 132 2402 vo,
166 2355 241 2410 qui
273 2353 325 2394 ad
355 2353 641 2395 indicativum
671 2351 811 2391 futuri
841 2350 1039 2406 proxime
1071 2349 1262 2402 accedit,
1298 2348 1384 2391 vid.
1410 2346 1526 2389 Obff.

49 2410 105 2450 ad
131 2413 170 2461 Ι,
203 2427 244 2465 9,
277 2414 344 2461 65.
408 2413 485 2453 W.

168 2512 237 2550 50.
277 2513 317 2544 et
346 2509 482 2552 iavet]
524 2502 623 2552 alii,
663 2511 713 2541 ut
742 2502 849 2557 Reg.
881 2500 1029 2541 Guelf.
1059 2513 1097 2541 2.
1131 2510 1172 2549 5.
1204 2510 1249 2541 et
1277 2498 1358 2539 Ed.
1390 2495 1526 2552 Lips„

51 2559 235 2608 adiuvet,
267 2565 339 2602 vel
369 2564 568 2609 adiuvat,
598 2563 672 2602 vel
698 2570 744 2599 at
766 2563 897 2608 iuml,-
938 2561 1095 2598 volunt
1123 2572 1301 2611 nempe,
1335 2571 1386 2594 ac·
1406 2560 1527 2595 iuvet.

51 2619 111 2658 H.
152 2620 314 2674 Apogr.
345 2623 483 2674 plura,
519 2621 678 2659 Guarn.
712 2629 754 2658 et
787 2618 925 2660 Zwic.
964 2632 996 2656 1.
1028 2631 1064 2657 ε.
1096 2631 1192 2655 cum
1217 2613 1345 2655 Paris.
1381 2624 1424 2653 et
1444 2615 1528 2654 Ve-

51 2686 139 2716 net.
174 2675 276 2715 dant
306 2680 497 2726 adiuvet,
528 2676 602 2717 sed
630 2677 675 2723 111
702 2677 837 2727 Zwic.
864 2692 901 2719 1.
931 2675 1082 2716 seriori
1111 2687 1242 2712 manu
1264 2681 1526 2721 correctum3

52 2732 167 2777 Voss.
199 2733 286 2774 duo
318 2750 368 2777 ac
397 2739 532 2787 iuvet,-
576 2734 732 2785 Ham-bl.
765 2737 925 2777 audiat.
975 2731 1108 2774 Goth.
1143 2740 1181 2772 et
1209 2734 1333 2772 iuvet.
1356 2731 1525 2830 -ὖ-Πὶᾘ.

524 2820 532 2843 ο
977 2798 1007 2839 8
1398 2803 1424 2829 0
1477 2805 1526 2829 113
