1722 2919
156 100 212 149 56
448 104 825 146 OBSERVA‘r
875 103 963 144 ‘IN
1023 103 1321 146 TIB‘VLLI

160 221 261 269 suit,
298 229 496 273 eumque,
529 218 673 259 eodem
709 232 817 257 anno
850 217 891 255 in
917 219 1134 258 Graeciam
1159 219 1356 259 adversus
1380 219 1612 260 Antonium

162 279 428 333 profectum,
472 275 664 325 secutu5‚
710 285 752 314 et
785 274 897 313 classi
932 276 1170 328 praefectus
1205 276 1270 316 est.
1334 277 1442 317 Cum
1474 288 1612 317 autem

162 335 427 383 Octaviano,
458 335 565 373 cirea
597 333 765 372 Actium
795 332 1009 380 haerenti,
1043 335 1259 372 Gallorum
1294 333 1476 374 defectio
1507 349 1613 373 nun-

161 393 268 431 ciata
293 390 409 439 esset,
442 392 484 429 in
508 391 689 431 Galliam
716 387 972 428 Proconsule
996 389 1137 428 miffus
1162 390 1216 430 est
1244 391 1449 439 Messala,
1482 402 1530 430 ut
1554 390 1613 429 di—

160 449 266 488 serte
298 448 426 487 tradit
456 448 637 502 Appiam.
676 447 777 484 Bell.
809 444 903 483 Civ.
925 446 1001 486 IV.
1027 461 1060 485 c.
1081 455 1147 494 3ss—
1172 463 1211 500 p.
1238 456 1333 500 984.
1390 449 1525 503 Igitur
1545 462 1615 486 ne·

161 520 244 561 que
278 507 318 546 ei
343 507 478 545 Gallia
513 520 562 544 ex
586 517 698 542 more
729 502 947 555 provincia
972 503 1138 544 decreta
1163 505 1261 554 fuit,
1296 519 1435 559 neque
1458 520 1510 545 ex
1533 518 1616 543 ma-

164 562 334 616 ²(gistratu
361 562 564 617 sequente
594 574 704 598 aimo
735 560 779 597 in
801 573 890 597 eam
913 560 1040 609 abiit,
1073 572 1120 600 ut
1151 563 1418 614 Ayrmannus
1440 560 1618 615 putabat

163 621 206 659 in
230 622 330 660 Vita
350 621 445 659 Tib.
467 625 504 669 §-
532 629 599 669 59.
658 617 747 655 Iam
774 631 826 654 ex
845 615 987 667 nostri,
1021 628 1108 657 tum
1131 619 1225 665 bac,
1258 629 1347 657 tum
1372 620 1493 674 Eleg.
1516 618 1616 657 VII.

165 693 205 717 v.
245 689 292 723 13
323 678 410 732 sqq.
443 688 484 715 et
515 691 566 715 ex
599 674 744 714 Dione
778 688 819 727 p.
850 675 943 722 638.
973 677 1000 713 1.
1034 677 1098 714 66.
1133 675 1197 715 ed.
1220 676 1403 715 Reimar.
1429 683 1618 730 apparet,

165 734 388 775 Messalam
422 734 466 771 in
494 733 612 780 Asia,
664 731 785 782 Syria
818 739 859 768 et
887 732 1084 786 Aegypto
1118 731 1264 777 fuiffe3
1303 731 1375 771 sed
1408 747 1492 787 quo
1516 742 1619 770 tem-

166 792 301 846 pore?
360 791 402 830 id
433 791 662 845 quaeritur.
725 786 841 826 Illud
876 787 1046 836 constat,
1081 804 1176 829 eum
1209 786 1298 843 post
1333 803 1488 828 annum
1523 799 1620 837 724.

169 852 292 898 (nem
325 849 416 888 Dio
446 851 476 887 l.
506 851 533 887 1.
565 861 669 886 voce
699 840 890 897 ὕστερον,
943 859 984 883 n.
1014 845 1104 899 post
1133 847 1234 884 anni
1263 854 1358 894 724.
1390 854 1497 895 acta,
1530 859 1621 886 eam

168 905 605 947 commemorationem
630 902 812 952 orditur)
845 912 887 942 et
908 912 1007 942 ante
1030 913 1144 950 727„
1169 918 1254 957 quo
1278 903 1539 957 triumphum
1568 917 1623 942 ex

166 963 402 1016 Aquitania
427 963 529 1018 egit,
561 961 604 999 in
627 959 709 998 istis
733 960 853 999 terris
877 971 1176 998 commoratum
1200 958 1294 999 esse.
1355 962 1507 1015 Itaque
1529 973 1623 1013 pro-

166 1020 311 1061 babile
341 1019 420 1068 est,
453 1034 571 1066 eum,
606 1017 745 1057 Gallia
768 1025 932 1070 pacata,
973 1027 1015 1056 et
1042 1017 1270 1071 Aquitania
1296 1018 1339 1056 in
1361 1016 1626 1071 provinciam

166 1078 353 1125 redacta,
387 1076 504 1130 quod
535 1085 632 1114 ante
663 1088 815 1111 annum
847 1081 966 1121 725.,
1012 1088 1098 1128 quo
1121 1075 1248 1112 Ianus
1273 1073 1437 1113 clausus
1462 1072 1531 1119 est,
1564 1074 1626 1111 fa-

172 1146 284 1174 ctum
310 1132 391 1174 effe
415 1133 598 1179 videtur,
629 1146 649 1170 a
673 1128 848 1169 Caesare
870 1128 954 1169 effe
975 1141 1212 1169 evocatum.
1272 1132 1313 1170 Is
1345 1140 1487 1170 autem
1514 1145 1626 1168 anno

170 1196 304 1232 altero
334 1189 424 1244 post
456 1204 638 1244 pugnarn
660 1188 887 1232 Actiacam,
912 1187 963 1224 V.
985 1188 1032 1226 (j.
1057 1195 1152 1236 724.
1180 1187 1337 1227 bellum
1359 1189 1401 1226 in
1429 1188 1628 1242 Aegypto

173 1259 318 1287 contra
344 1247 576 1286 Antonium
602 1255 641 1283 et
665 1245 933 1296 Cleopatram
951 1241 1147 1297 gesseram
1183 1244 1281 1283 inde
1304 1244 1451 1291 redux,
1491 1244 1630 1282 hieme

172 1305 217 1344 in
250 1305 341 1343 Asia
369 1313 598 1347 transacta,
633 1301 738 1339 circa
761 1299 954 1339 aestatem
980 1300 1079 1338 anni
1104 1310 1198 1348 725.
1232 1302 1274 1338 in
1299 1301 1468 1340 Italiam
1489 1300 1630 1341 rediit.

172 1363 327 1401 Utrum
358 1374 458 1399 vero
483 1358 701 1398 Caesarem
736 1357 776 1394 in
815 1358 1052 1410 Aegyptum
1082 1356 1246 1397 secutus
1279 1358 1326 1396 sit
1353 1356 1549 1405 RIeffula,
1581 1366 1631 1395 ut

173 1418 312 1459 Noris.
339 1415 575 1469 Cenotaph.
598 1414 674 1452 l‘is.
698 1412 805 1452 Diis.
829 1426 865 1450 52.
891 1428 923 1451 c.
945 1415 1005 1452 16.
1031 1418 1068 1463 (j.
1085 1426 1123 1461 7.
1145 1414 1377 1463 contendit,
1403 1424 1445 1453 et
1464 1412 1629 1453 Broulz-

175 1474 294 1514 liusio
315 1477 553 1513 luculenter
574 1468 865 1509 demonstrasse
885 1479 1083 1520 putatur,
1116 1471 1183 1508 cui
1208 1485 1229 1507 a
1255 1470 1430 1508 Tibullo
1455 1484 1631 1508 comme-

175 1541 333 1572 morata
365 1531 602 1583 Aegyptus,
633 1536 847 1580 piaeterea
875 1525 1052 1575 Cilicia,
1086 1527 1204 1579 Syria
1248 1536 1289 1565 et
1317 1528 1458 1578 Tyrus
1488 1525 1632 1566 favere

177 1588 376 1635 videtur,
422 1581 525 1640 quas
560 1583 788 1630 Octavius,
835 1596 887 1620 cx
911 1584 1109 1636 Aegypto
1134 1582 1283 1630 redux,
1318 1583 1469 1622 itinere
1492 1586 1632 1637 perlu-

178 1643 335 1691 stravit,
371 1657 423 1681 an
456 1641 685 1680 decedente
719 1652 767 1676 eo
801 1638 849 1676 ad
879 1652 942 1677 res
973 1639 1092 1678 Aliae
1125 1638 1432 1678 constituendas
1457 1639 1632 1679 relictus

177 1701 241 1748 fit,
275 1698 390 1754 quod
411 1699 653 1751 Ayrinanno
674 1698 742 1733 1.1.
768 1698 918 1748 placet,
952 1693 1087 1734 donec
1108 1710 1218 1733 anno
1242 1708 1335 1745 727.
1370 1697 1546 1734 Romam
1570 1712 1634 1736 rc·

181 1766 421 1803 vocaretur,
462 1766 503 1794 et
526 1752 783 1805 triumphum
819 1751 870 1789 dc.
895 1751 1121 1804 Aquitanis
1143 1752 1339 1799 haberet,
1373 1752 1417 1790 in
1439 1762 1634 1791 neutram

180 1825 343 1868 partem
367 1827 443 1866 pro
465 1821 580 1850 certo
604 1807 804 1848 affirmari
826 1805 982 1861 potcst3
1045 1823 1284 1862 quanquam
1316 1807 1516 1861 posterior
1546 1808 1636 1848 sen-

183 1871 316 1910 tentia
346 1868 622 1909 verosimilior
659 1864 726 1905 est..
784 1866 848 1903 Ita
883 1864 993 1903 enim
1019 1865 1252 1918 probabilis
1285 1865 1392 1904 ratio
1418 1865 1538 1905 reddi
1562 1880 1635 1919 po-

186 1926 275 1978 test,
310 1941 383 1966 cur
412 1924 501 1980 post
535 1935 616 1963 tam
650 1927 824 1975 longum
857 1920 1129 1961 intervallum
1153 1921 1319 1961 demum
1348 1922 1637 1976 triumphave-

184 1984 253 2023 rit.
314 1984 468 2038 Neque
489 1982 614 2021 eriam
638 1975 743 2018 illud
765 1978 938 2018 delinire
962 1979 1102 2028 ausim,
1134 1988 1274 2016 utrum
1298 1981 1464 2033 legatus
1489 1978 1639 2019 Caesa.

187 2041 270 2089 xis,
304 2055 356 2079 an
388 2046 480 2078 cum
514 2038 691 2090 imperio
723 2035 1055 2075 extraordinario
1081 2035 1124 2073 in
1155 2035 1247 2074 Asia
1279 2035 1431 2084 fuerit',
1467 2035 1517 2075 de
1551 2051 1636 2091 quo

191 2097 382 2150 disputat
419 2098 689 2148 Ayrmannus
728 2103 872 2132 contra
905 2091 1139 2136 Norifium3
1202 2106 1295 2130 nam
1335 2092 1535 2131 coercitio
1567 2093 1639 2132 ista

191 2154 471 2214 gladiatorum
500 2151 613 2204 apud
636 2151 822 2188 Dionem
847 2153 874 2189 l.
895 2152 922 2188 l.
949 2158 1143 2187 neutrum
1165 2149 1317 2203 exigit3
1350 2163 1489 2203 neque
1513 2150 1641 2188 etiam

192 2211 296 2250 lcire
325 2210 466 2248 refert.
527 2208 741 2253 Tibullus,
773 2207 992 2246 Mess‘alam
1013 2220 1064 2244 ex
1089 2205 1226 2244 Gallia
1257 2204 1448 2253 secutus,
1495 2205 1540 2244 in
1572 2207 1640 2245 iti-

195 2281 294 2305 nere
319 2267 358 2304 in
384 2265 571 2303 morbum
596 2263 822 2311 inciderat,
856 2277 992 2318 eoque
1020 2261 1273 2301 decumbens
1303 2263 1346 2300 in
1369 2262 1555 2314 Corcyra
1580 2264 1641 2300 in·

197 2323 283 2361 sula
306 2321 495 2361 substitit.
555 2322 672 2360 Haec
705 2321 849 2373 paullo
881 2318 1086 2373 copiosius
1116 2318 1310 2357 disserere
1346 2317 1485 2366 volui,
1525 2318 1641 2373 quod

198 2379 452 2418 coniecturis
477 2378 694 2416 doctorum
721 2377 901 2413 virorum
924 2377 1007 2415 alia
1029 2377 1186 2415 incerta
1210 2375 1386 2420 reddita,
1413 2375 1508 2422 alia,
1533 2389 1642 2430 quae

196 2447 333 2475 tamen
363 2437 480 2473 nulla
513 2433 759 2471 auctoritate
785 2432 993 2481 nituntur,
1027 2447 1102 2486 pro
1133 2432 1256 2471 certis
1287 2431 1503 2469 venditata
1529 2431 1642 2471 vide·

194 2492 303 2532 bam.
333 2490 524 2541 (Aestate.
554 2499 734 2528 extrema
767 2488 863 2526 anni
895 2501 990 2538 72²4.
1022 2487 1243 2528 Mersalam
1276 2489 1318 2526 in
1352 2488 1489 2526 Aliam
1526 2489 1642 2527 navi-

199 2550 332 2603 gasse,
369 2563 421 2587 ex
453 2546 635 2586 versibus
666 2553 719 2592 85
742 2568 791 2574 —-
813 2553 879 2592 80.
911 2545 1053 2585 statuit
1076 2545 1255 2585 Vossius.
1287 2546 1385 2594 W.)
1444 2544 1643 2585 Ceterum

201 2617 309 2646 ‚nter
332 2605 549 2646 catalecta
574 2602 739 2657 N'irgilii
758 2604 807 2639 T.
827 2602 900 2641 lv.
922 2617 961 2655 p.
988 2611 1062 2654 139
1084 2602 1172 2657 sqq.
1204 2599 1258 2641 est
1287 2615 1476 2640 carmen:

419 2665 540 2700 Pauca
567 2663 672 2701 milit,
716 2663 821 2697 niveo
845 2659 914 2711 sed
943 2674 1018 2697 non
1048 2663 1236 2710 incognita
1265 2661 1426 2697 Phoebo.

1501 2727 1542 2766 P.
1579 2727 1646 2765 90,
