1722 2919
199 136 284 180 224
515 135 895 176 OBSERVAT.
934 137 1345 183 INTIBVLLI

197 253 292 293 inde
322 254 471 306 refirre
502 252 668 290 domum
695 250 738 288 in
767 248 855 303 ipso
887 251 1092 299 carmine,
1127 251 1280 304 reliqui
1315 251 1399 291 duo
1434 251 1574 292 versus
1604 253 1653 293 in,>

196 310 407 364 margine;
430 321 585 347 *omnes
617 307 702 355 ita,
754 317 801 345 ut
831 306 963 345 serius
996 307 1200 346 acceffiss'e
1233 308 1463 364 intelligas.
1538 311 1649 349 Ulti-

195 381 288 405 mus
321 366 464 405 versus
505 363 580 404 est:
629 366 811 414 Impleffb
840 367 1026 414 exprqſjffs
1051 366 1194 415 fertur
1222 365 1273 401 ab
1304 365 1501 404 uberibus.
1561 365 1648 405 Mi-

196 423 242 461 hi
273 422 443 462 videtur
472 423 654 476 primus:
706 422 797 473 Ipse
831 423 925 459 detes
958 422 1101 473 solitus
1120 421 1297 470 stabulis
1325 424 1518 473 expellere
1547 438 1648 462 ναε-

196 494 289 527 cas,
340 479 554 533 antiquior
595 488 638 518 et
677 478 727 516 ab
769 477 854 529 ipsa
887 476 1048 516 Tibulli
1080 492 1206 516 manu
1238 478 1344 528 effe,
1396 478 1467 519 sed
1510 480 1647 519 minor

196 536 364 586 versus,
410 550 502 575 cum
533 535 606 573 ille
636 533 879 584 excidilset,
924 533 974 571 ab
1007 534 1100 573 aliis
1134 535 1255 573 aliter
1285 534 1503 589 suppletus
1537 535 1643 581 esse3

194 604 239 633 et
269 593 447 632 libidine
478 592 603 631 latius
637 589 862 646 graffante‚
913 605 1005 628 cum
1041 591 1134 645 quis
1169 590 1252 629 duo
1283 602 1565 646 pentametros
1598 592 1644 631 in

194 650 268 690 suo
314 649 422 688 libro
475 648 670 694 haberet,
731 648 837 686 alius
879 645 1145 697 hexameter,
1209 658 1336 703 atque
1378 648 1482 689 adeo
1526 648 1644 688 aliud

195 708 321 747 etiam
353 705 555 745 distichon
587 704 795 743 adiectum
824 703 919 743 effe.
958 705 1011 743 ef.
1044 703 1132 758 sup.
1166 705 1217 743 ad
1249 707 1290 755 l,
1323 716 1369 753 2,
1403 713 1468 755 24.

312 771 373 810 15.
415 766 573 801 detexta
604 763 690 810 qst]
729 776 840 799 uuus
870 760 1058 800 Broukh.
1092 775 1184 800 cum
1218 762 1362 801 Guelf.
1383 769 1422 812 4.
1445 762 1489 801 in
1510 767 1646 818 ma1·g.'

191 830 300 861 texta
327 825 380 870 est
407 823 455 858 cle
486 835 522 856 ι’.
550 836 563 844 2

312 889 373 925 17.
426 878 461 915 O
491 878 640 928 quoties
668 874 769 925 illo]
834 873 878 912 in
917 874 1062 913 multis
1100 875 1180 914 Alz.
1223 874 1350 914 Ovid.
1381 877 1455 917 IV.
1503 890 1556 916 ex
1594 876 1640 915 P.

195 951 214 975 ι
232 968 244 987 ,
287 950 324 987 9.

363 994 400 1030 O
429 994 570 1042 quoties
601 1005 669 1038 ego
693 989 776 1039 sum
809 989 913 1024 libris
942 991 1031 1025 mihi
1059 990 1154 1038 visus
1184 994 1220 1025 In
1252 989 1329 1038 iscis

421 1051 579 1095 Impius,
621 1050 657 1082 in
689 1047 791 1082 nullo
823 1048 921 1093 quod
953 1048 1111 1094 legerere
1142 1041 1237 1083 lo'co.

364 1108 400 1144 O
430 1109 594 1155 quoties,
634 1105 739 1140 aliud
768 1103 899 1138 vellem
930 1118 1009 1138 ιταηι
1031 1103 1208 1152 scribere,
1248 1117 1380 1140 nomen

418 1162 580 1199 Rettulit
612 1164 649 1197 in
681 1173 780 1197 ceras
812 1159 923 1208 inscia
955 1161 1084 1194 dextra
1116 1170 1228 1196 tunm.

186 1242 284 1284 Ald.
322 1258 355 1282 1.
387 1254 425 1282 9..
458 1257 551 1280 cum
582 1239 743 1279 Muret.
774 1253 813 1277 v.
851 1247 911 1284 17.
944 1247 986 1276 et
1022 1250 1083 1288 19.
1113 1239 1194 1276 Alc.

304 1331 368 1370 ²8·
409 1321 600 1367 erubuffle
634 1328 767 1369 caput.
812 1316 962 1354 mirum
1000 1316 1149 1355 vitium
1185 1316 1327 1356 Guelf.
1359 1323 1400 1366 4.
1613 1363 1615 1366 ¹

305 1393 368 1430 ¹9·
419 1388 579 1416 caneret
611 1373 733 1426 dani]
805 1374 849 1412 Si
889 1383 1080 1411 accurate
1120 1372 1337 1420 scribitur,
1390 1370 1516 1411 debet
1553 1371 1636 1412 effe

185 1451 288 1475 cum.
323 1435 588 1488 Oudendorp
629 1433 681 1473 ad
716 1430 905 1471 Frontin.
937 1430 981 1479 I,
1013 1437 1064 1479 5,
1098 1439 1133 1467 2.
1176 1429 1396 1468 ferendum
1426 1431 1524 1468 dum
1553 1428 1635 1470 effe

183 1494 383 1548 putabat,
425 1492 455 1531 fi
486 1490 610 1542 effet,
654 1504 779 1544 qnam
809 1489 891 1526 (liza.

298 1563 363 1590 22.
408 1567 428 1589 e
449 1551 634 1599 templis]
676 1549 740 1586 Ita
776 1544 931 1599 legitur
959 1540 1056 1581 inde
1088 1541 1138 1580 ab
1162 1542 1257 1582 Ald.
1278 1541 1356 1582 sec.
1419 1541 1476 1582 At
1498 1542 1633 1596 prima

184 1623 280 1647 curn
321 1608 414 1646 aliis
457 1616 557 1645 vett.
593 1604 688 1645 edd.
731 1613 772 1642 et
813 1599 933 1640 codd.
968 1599 1077 1637 inter
1108 1613 1213 1652 quos
1246 1601 1351 1654 Reg.
1386 1610 1426 1640 et
1456 1599 1632 1639 Corvin.

184 1680 278 1704 cum
308 1663 386 1703 Ed.
418 1662 533 1716 Lips.
567 1673 608 1702 et
640 1661 803 1702 Vicent.
835 1673 861 1695 α
891 1659 1060 1708 templis.
1129 1656 1255 1705 (Ald.
1286 1658 1319 1696 I.
1355 1666 1395 1696 et
1423 1656 1572 1711 Scalig.
1597 1671 1632 1703 e,

181 1721 279 1761 Ald.
307 1722 364 1760 Π.
399 1730 442 1759 et
473 1721 630 1758 Nluret.
664 1717 732 1770 a.)

297 1780 362 1818 26.
393 1779 479 1825 ille]
502 1778 585 1828 ipse
602 1775 744 1814 Guelf.
775 1787 808 1812 ι.
834 1772 887 1810 Η.
939 1770 1362 1822 Crinemquesolutum
1374 1769 1526 1808 Hamb.
1553 1769 1629 1808 W.

297 1845 363 1882 27.
407 1833 566 1886 Pytho]
596 1830 735 1872 Nostri
764 1842 857 1868 cum
890 1826 1005 1875 aliis,
1046 1836 1087 1865 et
1120 1836 1219 1864 vett.
1253 1825 1347 1864 edd.
1377 1829 1543 1865 Pln'ton.
1577 1840 1630 1865 ex

179 1907 309 1933 more.
371 1890 440 1931 Est
473 1886 611 1930 Πυθὼ
642 1891 711 1928 vel
743 1881 918 1926 Han-0512
958 1899 995 1924 v.
1036 1883 1087 1922 ad
1120 1882 1318 1935 Apollosl.
1351 1883 1451 1921 Not.
1483 1898 1525 1936 p.
1557 1890 1626 1931 44.

178 1949 238 2003 sq.
299 1951 369 1990 De
400 1950 504 1988 Delo
538 1946 632 1987 vide
656 1947 804 1984 Exere.
835 1943 885 1982 de
910 1943 1023 1980 Delo
1048 1941 1092 1977 iu
1122 1938 1244 1977 Mile.
1271 1938 1386 1978 Obff.
1410 1939 1505 1978 Vol.
1528 1939 1624 1979 VII.

178 2020 220 2060 p.
254 2015 319 2059 89.
359 2007 410 2045 In
441 2003 562 2044 versu
595 2002 682 2057 sup.
716 2001 794 2039 Ed.
827 2002 951 2053 Rom,
982 2000 1064 2051 ipse
1093 2011 1168 2050 pro
1200 1998 1279 2035 ille.

294 2074 358 2109 51.
404 2067 470 2101 ςιιί
488 2065 573 2114 sua
602 2075 702 2099 cara
727 2057 898 2111 puella]
957 2056 1020 2094 Ita
1049 2053 1149 2091 inde
1181 2053 1231 2091 ab
1264 2052 1373 2092 Aldo
1401 2053 1568 2106 legitur.
1601 2066 1625 2091 a

179 2119 394 2174 Scaligero
427 2119 615 2157 additum
646 2121 711 2167 est.
745 2115 825 2157 Ed.
854 2117 977 2153 Rom.
1010 2121 1051 2150 et
1078 2110 1193 2163 Lipf.
1221 2125 1314 2148 cum
1347 2109 1464 2157 aliis,
1497 2109 1622 2148 etiam

178 2176 377 2226 Venetis,
433 2175 574 2214 Guelf.
610 2191 643 2214 1.
675 2185 716 2213 et
747 2179 784 2222 4.
827 2176 893 2210 cui
921 2183 1026 2209 nunc
1056 2183 1153 2206 cura
1174 2170 1351 2218 puellae.
1425 2165 1554 2206 Ovid.
1585 2167 1620 2205 I.

177 2234 269 2274 Am.
302 2246 352 2285 9,
392 2241 459 2282 43.

352 2315 501 2361 Impulit
533 2317 704 2360 Ignavum
729 2312 921 2362 formosae
951 2323 1033 2345 cura
1062 2307 1220 2356 puellae.

179 2405 222 2435 et
259 2393 379 2448 saepe
418 2391 538 2435 alil›i;
592 2392 644 2429 cf.
683 2390 770 2443 sup,
803 2391 846 2437 I,
880 2401 928 2438 9,
961 2399 1028 2435 ζμ.
1102 2386 1153 2423 In
1183 2382 1349 2421 Thuan.
1381 2382 1461 2434 secl
1484 2384 1529 2429 st
1556 2386 1622 2420 cui

177 2468 275 2490 ι-ιινα
310 2453 481 2501 puellae.
562 2448 754 2497 Guyetus
797 2455 839 2485 et
875 2442 1063 2483 Broukh.
1099 2439 1401 2480 coniiciebant:
1453 2442 1519 2477 cui
1538 2441 1621 2492 sua

174 2524 277 2547 cara
313 2509 452 2559 puella
482 2509 556 2555 est,
607 2518 659 2542 ex
691 2504 778 2549 ΙΙΙ,
812 2514 860 2549 2,
897 2516 931 2542 1.
1013 2498 1094 2538 Sed
1124 2512 1220 2536 cura
1251 2507 1362 2536 recte
1393 2494 1433 2534 se
1465 2494 1616 2540 habet3
1692 2494 1693 2501 ¹

178 2564 233 2606 est
266 2566 378 2606 enim
411 2577 547 2611 amor,
590 2570 637 2598 ut
667 2557 875 2612 persaepe.
934 2558 1080 2613 Virgil.
1115 2555 1192 2594 Ge.
1221 2555 1307 2604 IV,
1346 2560 1442 2603 354.

345 2666 402 2675 ...-
458 2665 514 2672 -
572 2640 647 2691 ipse
675 2641 764 2682 cibi,
805 2651 869 2675 tua
897 2642 1056 2676 maxima
1084 2653 1178 2677 cura»

350 2703 476 2752 Tristis
506 2698 701 2749 [balaeus.

1488 2744 1617 2785 «Idem
1684 2742 1685 2748 ’
