1722 2919
168 113 250 172 598
481 112 861 155 OBSERVAT.
891 115 967 156 IN
997 113 1301 157 TIBVLLI

287 242 324 267 2.
366 230 480 268 Dum
506 232 583 276 m.]
639 227 801 268 Heinfii
841 238 884 268 et
923 227 1026 267 haec
1068 229 1306 268 emendatio
1338 227 1417 273 (τῆς
1475 232 1620 284 vulgo,

174 287 266 336 Qui.
330 286 517 337 Regius,
555 288 682 337 Quod.
729 281 781 326 H.
851 286 963 338 qnod
1001 286 1253 339 adscriptum
1297 285 1378 325 iam
1420 287 1462 324 in
1495 300 1623 339 marg.

171 341 336 394 Gryph.
368 341 422 380 est
462 344 586 382 etiam
631 344 673 382 in
709 343 828 381 Nion.
864 342 1016 382 Hamb.
1050 343 1150 382 Ask.
1184 342 1297 382 Voss.
1329 356 1366 382 2.
1399 353 1436 391 3.
1474 353 1516 383 et
1541 342 1622 380 hoc

166 399 328 452 recepit
373 400 424 438 H.
457 400 636 439 Voffius.
687 404 757 453 qui
786 398 983 453 superscr.
1027 399 1069 438 in
1107 400 1204 438 Ask.
1249 400 1359 439 idem
1399 415 1420 438 a
1474 414 1535 453 pr.
1560 399 1621 437 ἰῇ.

168 457 262 496 ZW.
292 470 325 496 1.
348 468 385 496 2.
417 462 486 509 qui
505 473 566 495 me
584 456 708 497 Bern.
741 471 821 494 non
843 471 904 509 pr.
929 472 1034 495 manc
1055 457 1177 495 Mon.
1206 457 1318 495 idem
1339 459 1458 496 color.
1489 457 1564 495 W.

283 556 321 595 4.
373 551 408 594 [ἱ
441 563 592 600 quoque
622 566 658 587 ν.
685 550 853 598 putem]
900 550 967 595 sic·
1007 550 1149 602 vulgg.
1193 563 1328 602 usque
1373 547 1425 586 ad
1466 546 1622 601 Scalig.

170 606 308 659 quisi
338 619 360 644 e
392 604 510 643 libris
542 605 687 657 petiit:
734 604 840 643 adde
873 605 1013 643 Guelf.
1038 616 1074 642 9..
1108 605 1159 643 H.
1209 605 1404 653 si'etiam
1433 604 1475 642 in
1498 603 1624 642 Bern.

170 674 213 701 et
247 662 346 701 Ask.
407 660 576 700 Caeteri
596 665 662 710 stc
693 671 854 700 teuent.
884 682 940 690 —
982 662 1178 712 Optatam.
1213 660 1326 701 Voff.
1359 676 1392 699 ι.
1423 671 1466 700 et
1494 662 1624 714 paulo

165 730 264 759 ante
294 721 437 768 trister.
497 721 569 757 W.

281 819 320 857 5.
360 825 457 848 nam
487 810 588 847 mihi·
616 810 717 861 quial
740 808 897 863 prosit]
951 825 1048 849 nam
1075 809 1262 850 Broukh.
1294 824 1346 849 ex
1378 808 1544 848 duobus
1575 807 1621 846 li-

165 867 251 906 bris
293 879 333 907 et
376 866 659 919 [uperioribus
707 867 817 906 Edd.
860 868 1091 906 revocavit.
1181 867 1367 921 Scaliger
1406 864 1494 920 post
1535 865 1623 904 Sta-

165 925 270 964 tium
305 923 547 978 reposuerat
576 937 598 962 e
630 923 712 961 suis
745 926 838 970 All,
891 925 1007 978 quod
1048 925 1172 964 etiam
1205 925 1248 961 in
1280 922 1451 971 nostris,
1495 923 1623 960 etiam

168 981 313 1021 Guelf.
349 980 416 1020 est.
485 981 614 1019 Porro
646 982 768 1019 Rom.
796 986 972 1033 prodest.
1023 981 1074 1019 H.
1147 997 1244 1019 nam
1274 981 1398 1020 etiam
1437 976 1550 1019 Voff.
1584 990 1623 1018 2.

161 1042 325 1091 prodest
357 1036 469 1079 Voss.
501 1047 540 1084 3.
574 1040 735 1088 prosint
767 1039 892 1078 Bern.
923 1042 1030 1091 quod
1044 1042 1174 1091 profit
1203 1039 1325 1078 R'Ion.
1386 1038 1459 1076 W.

281 1128 373 1169 eod.
413 1128 485 1167 aba·
512 1138 554 1166 ιιι
583 1126 655 1180 η.]
691 1129 756 1167 Ita
786 1128 977 1167 Broukh.
1012 1128 1151 1167 nescio
1183 1128 1319 1173 unde3
1364 1131 1494 1181 vulgo
1525 1126 1628 1179 quid

164 1197 220 1227 ιιι.
283 1188 331 1225 In
364 1199 449 1224 uno
486 1185 608 1224 Witt.
644 1195 685 1225 et
716 1186 858 1225 Guelf.
898 1200 931 1224 ι.
966 1196 1002 1232 5.
1038 1193 1075 1235 4.
1109 1187 1219 1237 quod
1245 1194 1310 1230 ιιι,
1352 1195 1401 1223 ut
1435 1185 1623 1238 Scaliger

163 1243 426 1285 emendabat.
499 1243 549 1280 In
590 1257 676 1281 uno
708 1242 869 1280 Heinfii
907 1258 1029 1295 quam
1068 1253 1132 1288 ιιι,
1185 1242 1226 1279 in
1260 1241 1393 1280 Ursin.
1437 1257 1533 1280 nam
1561 1251 1620 1287 tu,

164 1302 208 1340 in
241 1300 414 1339 Corvin.
456 1299 557 1352 quid
583 1307 638 1337 ιιι.
681 1308 887 1352 quatuor,
923 1302 962 1347 fi
988 1308 1053 1345 ιιι,
1104 1309 1151 1337 ut
1190 1298 1337 1336 Dousa
1376 1300 1519 1337 Praec.
1560 1308 1619 1344 13.

166 1368 209 1398 et
243 1356 438 1395 Heinsius
471 1356 597 1395 etiam
642 1355 933 1395 coniecerant:
987 1355 1126 1409 sicque
1170 1355 1314 1394 Guelf.
1348 1367 1385 1394 9..
1425 1369 1501 1408 pro
1532 1369 1619 1394 var.

164 1419 261 1455 lect.
294 1424 335 1452 et
366 1413 445 1452 boc
477 1412 638 1467 ubique
669 1410 915 1466 praestabat.
961 1412 1014 1450 H.
1095 1427 1215 1464 quum
1255 1411 1378 1450 Bern.
1421 1411 1505 1450 duo
1539 1412 1621 1449 alia

163 1487 228 1525 ap.
262 1472 314 1510 H.
346 1469 534 1511 Voffium
573 1470 704 1523 quod,
755 1469 829 1523 qui
859 1468 1037 1524 scripsit:
1087 1484 1206 1522 quom
1232 1478 1303 1518 ιιι;
1352 1483 1430 1524 ego
1460 1467 1621 1508 restitui

159 1544 298 1583 quum.
329 1527 465 1567 Zwic.
493 1528 603 1581 quid.
665 1528 738 1566 W.

277 1621 314 1658 6.
360 1620 465 1657 lento
490 1622 679 1669 pectore]
733 1618 798 1658 Ita
829 1629 944 1658 recte
975 1618 1163 1673 Scaliger
1194 1616 1438 1656 emendavit
1467 1630 1490 1655 e
1519 1613 1619 1664 fuis,

160 1691 238 1731 pro
277 1679 394 1715 laeto.
431 1675 483 1714 cf.
516 1675 660 1715 Heius.
697 1674 750 1714 ad
781 1675 911 1715 Ovid.
934 1677 991 1715 II.
1025 1674 1143 1714 Trist.
1173 1683 1215 1722 5,
1247 1682 1306 1723 ιιι.
1338 1672 1424 1712 vid.
1457 1672 1546 1726 [up.
1581 1673 1618 1720 I,

166 1747 240 1783 ιο,
269 1740 336 1779 58.
372 1731 425 1771 Η.
487 1735 592 1772 lento
624 1732 724 1771 Ask.
762 1737 839 1773 leto
869 1733 1003 1773 Zwic.
1040 1748 1073 1770 ι.
1105 1745 1143 1771 9..
1174 1734 1274 1770 lecto
1303 1731 1429 1771 Bern.
1488 1729 1629 1769 Pieri--

162 1804 246 1843 que
274 1792 392 1829 laeto.
421 1789 574 1830 Hamb.
598 1800 720 1841 paces
747 1792 854 1829 lateo
882 1805 1058 1842 corpore.
1120 1789 1193 1827 W.

485 1959 1003 2008 CARMEN
1106 1960 1293 2005 XII.

277 2071 458 2111 Carmen
489 2072 571 2112 hoc
617 2074 661 2112 in
703 2074 821 2113 libris
854 2083 898 2114 et
928 2072 1114 2128 antiquis
1147 2070 1254 2111 Edd.
1287 2084 1498 2110 annexum
1528 2070 1617 2109 fere

159 2129 366 2183 superiori
397 2128 476 2178 est,
519 2145 598 2170 nec
629 2130 865 2177 seiunctum
896 2130 1023 2170 video
1056 2139 1154 2169 ante
1181 2128 1452 2185 Scaligerum.
1481 2126 1614 2175 Idem,

159 2189 231 2226 vel
271 2185 361 2225 eius
398 2186 513 2239 prius
566 2186 798 2238 distichon,
858 2188 1088 2241 repetitum
1130 2196 1219 2226 erat
1258 2184 1380 2239 supra
1422 2193 1464 2223 et
1504 2183 1617 2222 adie-

163 2254 276 2282 ctum
309 2244 484 2297 Elegiae
516 2242 655 2283 sextae
684 2245 809 2283 Libri
830 2246 909 2284 III.
942 2245 997 2284 H.
1058 2244 1302 2297 Separatum
1336 2239 1391 2281 est
1423 2240 1504 2279 hoc
1530 2254 1615 2278 cai·-

158 2314 257 2338 men
291 2314 312 2338 a
343 2299 625 2353 praecedente
667 2302 710 2339 in
743 2300 854 2342 Voss.
886 2309 924 2351 4.
1002 2303 1054 2341 In
1093 2299 1266 2340 caeteris
1299 2298 1363 2337 illi
1402 2311 1614 2337 annexum

159 2355 239 2404 est,
283 2356 411 2396 etiam
443 2356 486 2394 in
516 2357 650 2397 Zwic.
687 2373 720 2395 1.
755 2371 791 2397 2.
856 2359 925 2398 W.

281 2463 312 2485 1.
366 2449 432 2484 ΛΤΒ
471 2446 546 2485 tibi
573 2449 681 2494 sim,
733 2464 822 2487 mea
852 2452 944 2495 lux,
994 2464 1118 2501 aeque
1156 2451 1241 2486 iam
1275 2445 1449 2498 Jiwvida
1487 2445 1615 2496 cura]

145 2505 232 2551 sim
262 2503 422 2542 Muret.
458 2505 622 2557 primus
657 2504 795 2555 dedit,
837 2517 925 2545 tum
958 2507 1108 2561 Scalig.
1143 2507 1296 2559 Vulgg.
1342 2518 1436 2542 cum
1467 2501 1613 2541 nostris

146 2562 218 2607 fit.
282 2562 371 2598 ‚Nec-
390 2564 451 2608 sit
492 2560 571 2600 Ed.
603 2561 767 2601 Vicent.
809 2562 924 2617 Lips.
964 2579 1058 2602 cuin
1101 2562 1194 2601 aliis
1236 2573 1301 2615 ap.
1341 2558 1530 2599 Broukh.
1572 2568 1614 2597 et

162 2616 308 2656 Guelf.
343 2629 379 2655 2.
421 2620 511 2656 Nec
543 2618 619 2657 tibi
637 2621 731 2666 fim.
767 2628 806 2665 3.
832 2622 922 2658 Nec
952 2623 1028 2659 ιιὺι
1054 2623 1129 2667 fis.
1172 2622 1255 2656 iam
1286 2616 1476 2656 Broukh.
1510 2630 1532 2655 e
1562 2615 1611 2654 li·

155 2671 241 2711 bris
272 2684 314 2712 et
345 2684 429 2713 ant·
465 2674 572 2715 Εᾶᾶ,
606 2676 798 2729 repetiit5
840 2675 893 2715 sic
919 2677 1042 2717 etiam
1066 2674 1182 2730 Lips.
1207 2673 1314 2713 adde
1339 2673 1610 2767 Guelsslffig.

1469 2764 1472 2767 .
1603 2755 1613 2773 ν
