1722 2919
174 195 254 226 212
492 181 878 223 OBSERVAT.
926 181 1000 223 IN
1045 181 1343 224 TIBVLLI

173 298 256 339 esse
288 297 451 352 potuit;
493 311 579 336 non
610 297 704 336 vice
735 295 865 337 versa.
915 297 1053 336 Etiam
1085 302 1212 350 poeta
1244 297 1427 353 dignius.
1473 299 1625 354 Itaque

173 371 252 396 nec
282 357 325 394 in
356 353 478 394 snuili
507 357 603 394 loco
635 354 815 393 Horatio
847 353 1068 408 displicuit
1097 355 1179 394 III.
1221 354 1304 396 O.d.
1341 371 1384 404 1,
1419 365 1481 395 22.

451 457 508 466 --
556 434 708 484 somnus
739 432 938 483 agrestium

452 495 569 529 Lem's
597 494 760 528 virorum
791 505 865 527 non
896 492 1049 526 humiles
1078 493 1206 528 domos

451 547 618 597 Fastidit.

286 635 354 677 41.
389 629 569 677 primum
593 625 868 677 ‹l.fi²rzmtar]
899 625 1061 680 Regius
1089 640 1181 664 cum
1204 625 1299 665 Ald.
1320 625 1352 664 I.
1381 635 1423 665 et
1447 626 1552 665 Scal.
1570 648 1626 657 --

171 688 310 726 Primi
338 684 432 724 Ald.
452 685 508 722 II.
541 694 581 722 et
612 683 770 721 Min-et.
795 697 889 720 cum
916 681 1024 721 secta
1045 681 1115 720 sua
1141 693 1182 721 et
1203 682 1326 721 multi
1349 697 1414 735 ap.
1432 683 1624 722 Broukh.

172 742 242 782 Sic
273 752 316 782 et
347 751 442 780 ante
483 756 523 780 v.
557 751 620 787 39.
665 739 836 793 quidam
869 737 1140 778 exhibebant.
1217 739 1326 778 Mox
1357 741 1466 794 Reg.
1492 741 1624 791 placc-

160 802 276 851 fln's.
310 799 360 836 H.
422 801 554 836 Primi
584 796 736 835 Ilamb.
774 795 910 835 Zwic.
947 810 981 835 ι.
1015 808 1052 834 2.
1087 795 1213 835 Goth.
1273 797 1346 838 W.

288 876 354 917 43.
410 877 504 905 tnnc
543 868 664 914 infita
698 863 874 916 pomus]
936 863 1004 902 Sic
1045 863 1230 902 Broukh.
1272 878 1324 902 ex
1363 866 1465 904 Exc.
1503 866 1623 920 Lips-

171 929 305 966 Erant
334 923 442 962 enim
477 923 557 960 iam
591 933 702 971 tum,
743 921 907 975 inquit,
963 921 1131 959 arbores
1166 920 1422 973 pomiferae,
1462 921 1534 962 sed
1563 924 1624 963 fe·

170 998 266 1029 rae,
310 995 418 1034 quae
449 979 652 1017 insitionis
686 992 783 1017 cura
816 978 1001 1017 mitiores
1033 976 1332 1016 reddebantur.
1398 979 1623 1034 Perperam

169 1053 272 1080 vero
304 1037 384 1076 hoc
417 1050 436 1075 a
465 1036 556 1074 viro
590 1035 714 1075 docto
747 1034 1006 1088 disputatum
1027 1065 1034 1074 .
1079 1034 1107 1072 fi
1138 1034 1239 1088 quid
1270 1050 1470 1090 unquam.
1532 1037 1624 1076 Nec

172 1097 284 1137 enim
325 1093 379 1132 ad
415 1093 550 1146 prima
591 1092 702 1132 vitae
744 1092 922 1131 mitioris
955 1092 1077 1130 initia
1119 1090 1256 1130 insitio
1288 1092 1444 1132 retrahi
1474 1093 1621 1147 potest,

170 1152 242 1192 [ed
274 1149 584 1205 exquisitiorem
625 1150 737 1188 vitae
770 1151 930 1188 cultum
973 1158 1195 1202 expectare
1228 1147 1271 1187 id
1303 1149 1523 1188 inventum
1556 1150 1625 1190 de·

170 1210 288 1252 buit3
330 1218 419 1245 tum
448 1220 547 1245 vero
579 1205 772 1261 ignorare
805 1220 890 1244 non
921 1215 1111 1258 poterat,
1155 1204 1270 1258 quod
1299 1221 1353 1246 ex
1377 1207 1490 1246 vitae
1516 1222 1623 1247 com·

170 1265 310 1304 munis
342 1262 421 1301 usu
450 1272 665 1310 tenemus,
700 1262 867 1301 arbores
900 1262 1026 1300 etiam
1060 1260 1258 1300 filvestres
1291 1261 1450 1301 satione
1483 1273 1525 1302 et
1553 1279 1622 1304 cu-

170 1337 216 1361 ra
249 1322 292 1358 in
326 1319 489 1358 mitium
522 1319 715 1357 arborum
749 1317 915 1357 censum
948 1319 1127 1371 primum
1160 1317 1329 1357 venisse.
1403 1321 1619 1361 Revocavi

172 1380 316 1431 itaque
368 1378 582 1428 vulgatam
626 1375 852 1414 lectionem
895 1375 1081 1414 omnium
1120 1373 1367 1428 scriptorum
1408 1386 1451 1416 et
1491 1377 1622 1417 edito-

169 1449 284 1472 rum:
330 1435 496 1479 colfita.

288 1508 353 1551 45.
405 1501 546 1538 Aurea
575 1509 669 1537 tunc
688 1500 762 1552 μ]
806 1500 914 1554 Reg.
943 1494 1111 1548 Antea,'
1149 1499 1264 1554 quod
1294 1500 1444 1541 vitium
1477 1513 1519 1542 et
1549 1504 1623 1543 alii

169 1558 343 1598 habent.
375 1556 548 1595 Corvin.
580 1566 666 1594 tum
697 1556 777 1595 Ed.
809 1554 926 1610 Lips.
956 1571 1073 1594 manc.

286 1626 353 1674 46.
406 1625 620 1675 Illixtczque
648 1625 794 1674 securo
820 1625 966 1675 sobria
995 1626 1160 1676 lympha
1197 1641 1302 1665 mero
1332 1629 1412 1674 esl]
1469 1626 1621 1667 Versus

172 1684 274 1722 mire
309 1680 552 1719 concinnus.
628 1680 914 1733 Expectabam
944 1690 1084 1720 tamen
1117 1682 1232 1720 aliud
1265 1683 1354 1721 vini
1387 1682 1621 1737 epitheton,

173 1753 297 1793 quam
337 1736 448 1790 quod
478 1737 665 1786 securum
701 1737 772 1775 Iit:
825 1737 983 1790 quippe
1021 1737 1134 1792 quod
1177 1742 1231 1791 τῷ
1261 1740 1403 1791 sobria
1442 1754 1528 1779 non
1559 1755 1624 1781 re·

170 1794 360 1848 spondet.
422 1795 494 1841 1?st
524 1807 544 1830 a
574 1792 763 1831 Broukh.
796 1803 959 1832 tacente
987 1794 1030 1831 iu
1062 1794 1186 1834 finem
1223 1795 1364 1836 versus
1394 1796 1620 1844 reiectum;

171 1855 301 1906 vulgo
332 1850 375 1887 in
407 1848 544 1887 medio
578 1850 755 1904 legitur3
797 1849 925 1904 idque
957 1849 1141 1892 suavius.

291 1927 352 1965 (43.
404 1932 542 1956 (ιιιηιια
575 1922 712 1965 terra]
763 1918 903 1956 Guelf.
942 1932 975 1958 1.
1023 1919 1104 1960 Ed.
1134 1921 1255 1959 Rom.
1300 1936 1393 1960 cum
1431 1922 1546 1961 Brix.
1579 1933 1622 1964 et

172 1975 350 2014 Venetis
382 1990 520 2012 (cm-ea.
577 1974 758 2029 Legitur
788 1974 912 2013 etiam
946 1975 988 2013 in
1016 1976 1134 2016 libris
1166 1980 1313 2017 ‹ct-Lala:
1346 1978 1488 2034 sicque
1520 1979 1620 2019 Cor·

172 2032 259 2071 vin.
294 2031 436 2070 Guelf.
466 2041 503 2077 3.

289 2109 354 2149 49.
395 2103 488 2148 apis
513 2102 660 2149 ingerit
680 2098 821 2152 alueo]
863 2099 943 2138 Ed.
973 2100 1090 2154 Lipf.
1123 2111 1164 2141 et
1194 2102 1366 2142 Corvin.
1399 2118 1494 2142 cum
1524 2104 1620 2144 aliis

172 2160 356 2205 ingerat,
406 2167 447 2194 et
490 2159 592 2194 aluo.
634 2171 772 2194 verno-s·
796 2158 926 2207 flores
968 2159 1074 2197 coni.
1117 2159 1216 2198 olim
1257 2161 1490 2200 Fruterius.
1528 2177 1619 2201 rure

171 2228 292 2252 verno
323 2213 498 2267 iungere
531 2216 691 2251 mavult
720 2214 926 2269 Doering.

287 2291 355 2328 5¹-
405 2283 602 2327 Agra-ola
636 2283 789 2327 aſjiclno
821 2286 1002 2330 primum
1030 2282 1212 2333 salicam
1251 2285 1422 2335 aratro]
1471 2287 1615 2325 Satia-

173 2349 235 2378 tm
275 2339 314 2378 h.
355 2341 381 2376 1.
420 2336 500 2375 effe
543 2337 687 2374 dicunt
729 2337 868 2376 taedio
908 2339 1063 2377 laboris
1103 2350 1145 2378 et
1183 2342 1321 2392 operis
1360 2342 1614 2382 confectum.

172 2397 355 2449 Yulpius
389 2393 512 2431 etiam
537 2392 820 2442 metaphoram
841 2399 1029 2448 appellat
1054 2394 1150 2433 satis
1173 2396 1374 2435 ulitatam.
1434 2398 1516 2438 Sed
1536 2402 1615 2453 sa-

171 2457 272 2492 tim-i
305 2451 481 2490 dicimur
521 2448 669 2496 rebus,
724 2464 830 2502 quae
873 2452 993 2490 nobis
1033 2463 1174 2507 gratae
1215 2453 1513 2509 iucundaeque
1545 2459 1615 2496 vel
1676 2503 1678 2511 γ

171 2509 267 2548 sunt
299 2511 365 2547 vel
398 2506 618 2550 videntur,
670 2521 771 2558 quas
804 2519 899 2546 aute
932 2509 1085 2562 cupide
1120 2511 1480 2562 appetiveramus,
1523 2511 1613 2567 qui·

170 2565 248 2603 bus
287 2564 444 2618 expleti
482 2561 644 2609 fumus,
696 2572 737 2600 et
768 2577 942 2615 quarum
975 2566 1091 2618 copia
1125 2568 1195 2604 vel
1225 2566 1355 2605 nimio
1395 2566 1472 2606 usu
1501 2567 1610 2607 fasti-

170 2621 284 2660 dium
326 2631 630 2661 contraxuuus3
683 2631 766 2655 non
806 2631 943 2658 autem
984 2624 1175 2673 miseriis,
1224 2625 1429 2663 laboribus
1457 2634 1500 2664 et
1537 2639 1608 2663 ae·-

167 2682 345 2725 νιικιιιζς,
394 2676 469 2714 nili
510 2676 560 2714 de
602 2675 652 2713 iis
691 2675 747 2712 ita
791 2674 1030 2726 disseritur,
1082 2689 1283 2733 tanquam
1323 2680 1507 2736 aliquam
1537 2694 1606 2720 vo-

164 2737 372 2788 luptatem
403 2736 592 2772 aflerant.
622 2745 660 2771 v.
690 2745 723 2770 c.
757 2732 860 2772 Stat.
891 2734 947 2774 11.
990 2735 1093 2777 Silv.
1125 2737 1170 2784 1,
1207 2745 1271 2787 ²4·

1487 2796 1606 2831 ,Νιιῑηο
1666 2789 1672 2816 '⁴

1693 1720 1707 2279 *Mt-‚Qa—-ss‘gss
1702 1658 1705 1687 2*
1704 1627 1705 1635 ⁴
