1722 2919
213 137 292 183 148
517 129 902 177 OBSERVAT.
939 135 1013 177 IN
1055 134 1356 177 TIBVLLI

209 254 449 296 venientem
478 247 687 305 excepisse
719 250 769 290 ad
801 250 913 290 fores
944 250 1120 298 dicitur,
1161 264 1253 290 eum
1283 249 1442 291 sensum
1467 264 1553 291 non
1584 251 1654 292 ad-

210 314 395 352 mittunt.
455 306 643 348 Fortasse
666 308 811 347 malis:
844 311 964 347 Haec·
990 310 1065 347 tibi
1087 323 1146 345 me
1167 308 1344 347 adducit.
1402 308 1486 348 Sed
1506 314 1571 348 re's
1595 308 1654 348 ita

209 367 417 410 tenenda:
468 379 572 404 anus
605 378 700 403 eum
731 363 782 403 ad
815 365 926 404 fores
968 362 1260 419 praestolatur,
1306 375 1369 414 et,
1414 365 1488 404 ubi
1520 365 1652 413 venit,

209 428 398 479 puellam
433 437 455 462 e
492 419 690 461 cubiculo
725 421 872 459 furtim
901 420 952 459 ad
990 435 1083 460 eum
1114 420 1291 460 adducit.
1359 421 1512 461 Lectio
1551 435 1654 461 vero

209 482 340 530 haec,
371 480 415 518 in
438 477 594 519 Aldina
614 475 691 516 sec.
713 478 893 531 primum
915 478 1029 516 illata
1047 507 1058 523 .,
1092 475 1146 515 est
1168 476 1233 516 illa
1257 477 1424 531 quidem
1446 478 1488 517 in
1509 476 1653 517 multia

209 549 253 580 et
269 537 394 577 bonis
414 534 558 583 libris3
592 533 718 572 etiam
742 533 785 571 in
807 533 945 587 Regio
967 544 1008 573 et
1029 533 1195 572 Con-in.
1211 561 1222 579 ,
1253 533 1324 573 sed
1345 549 1430 573 non
1454 535 1496 573 in
1523 533 1655 573 omni·

208 596 304 635 bus.
363 592 452 632 Alii
472 591 652 630 habent:
695 593 815 629 Ilaec
842 591 944 628 milti
971 600 1009 629 te
1034 591 1238 641 ‹nllungit,
1271 600 1313 629 et
1334 591 1533 644 permulti
1560 605 1654 630 cum

211 650 357 693 Guelf.
390 666 422 688 1.
456 656 496 698 4.
538 650 658 686 Haec
687 662 749 685 me
777 648 961 695 deducit,
1001 657 1043 686 et
1075 647 1132 686 ita
1168 645 1409 701 reposuerat
1440 646 1652 696 Broukh.‚
1698 698 1701 700 q

210 708 341 762 idque
363 709 520 746 lectum
544 704 589 741 in
616 703 802 758 antiquis
831 703 925 743 edd.
949 703 1074 743 etiam
1099 703 1194 742 Ald.
1217 718 1278 757 pr.
1345 704 1484 759 Quam
1506 703 1654 743 lectio·

209 779 308 807 nem
330 763 360 802 fi
380 774 522 802 teneas
537 790 547 808 ‚
581 774 722 813 neque
745 775 792 801 ea
818 760 941 800 aliter
967 760 1276 813 interpretanda
1298 759 1377 810 est,
1411 775 1536 815 quam
1557 774 1655 800 eum

209 822 263 862 ab
285 835 391 868 anu,
429 832 536 873 quae
560 816 611 854 ad
632 815 747 856 fores
771 815 967 866 sedebat,
999 816 1048 855 at]
1073 817 1308 856 cubiculum
1341 817 1536 856 dominae
1562 831 1654 871 pet-

210 878 322 918 duci.
385 875 585 915 Ceterum
618 887 657 912 v,
684 875 750 912 60.
782 873 945 928 Regius
975 888 1113 912 moras
1141 888 1217 926 pro
1243 889 1408 920 manu-5,
1449 883 1492 913 et
1519 889 1560 914 v.
1585 875 1652 913 62.

197 937 417 987 strepitum
452 930 591 969 habet.
644 929 699 968 H.
768 931 822 968 H.
855 930 1045 978 Voffius,
1097 930 1263 985 vestigia
1304 930 1462 970 codicis
1494 929 1653 980 Laudi,

211 994 314 1031 haec:
334 990 435 1027 mihi
453 997 490 1026 te
511 988 702 1035 abducat,
724 997 764 1026 et
787 986 909 1035 alius,
933 988 1102 1037 abdunt,
1124 986 1285 1026 secutus
1304 988 1486 1042 primum
1506 985 1658 1026 incidit

211 1050 257 1088 in
279 1046 455 1087 verbum
467 1045 603 1096 sociat
614 1072 627 1089 ,,
659 1043 757 1082 dein
786 1046 949 1083 mavult
973 1047 1141 1097 plac-am
1171 1043 1215 1082 in
1239 1053 1396 1083 textum
1417 1057 1518 1084 vero
1541 1057 1655 1083 rece·

212 1106 277 1160 pit
306 1106 426 1142 Haec
457 1116 518 1139 me
547 1101 707 1138 «ledam
741 1100 782 1140 h.
811 1116 845 1140 e.
888 1101 931 1139 in
965 1101 1206 1141 cubiculum
1239 1101 1416 1150 Deliae,
1463 1110 1512 1139 ut
1540 1099 1654 1154 apud

212 1160 343 1202 Ovid.
371 1160 481 1199 Met.
502 1158 557 1207 X,
590 1159 684 1204 462.
714 1155 894 1206 dicitur3
950 1173 1042 1196 nam
1075 1158 1288 1212 sequentia
1313 1157 1426 1196 huuc
1445 1155 1655 1211 postulare

210 1215 387 1258 sensum.
457 1212 633 1253 Accedit
665 1214 892 1252 auctoritas
921 1214 1124 1253 librorum
1158 1213 1278 1253 Parit.
1311 1213 1444 1253 Zwic‘
1475 1229 1508 1252 ι.
1540 1223 1577 1250 2.
1611 1222 1654 1252 et

204 1276 361 1317 ‚Venet.
431 1268 608 1311 Obstant
639 1270 703 1309 illi
738 1284 881 1325 apogr,
921 1282 963 1310 et
1001 1271 1160 1309 Guarn.
1203 1285 1290 1309 cum
1327 1270 1444 1309 Mur.
1476 1269 1577 1309 Stat.
1611 1278 1654 1308 et

210 1331 334 1379 Scal„
370 1328 442 1383 qui
463 1326 666 1366 exhibent
690 1327 810 1366 Haec
830 1328 932 1365 mila?
950 1337 976 1367 ι,
1003 1329 1069 1366 ml.
1128 1326 1250 1366 Adde
1268 1325 1383 1381 quod
1403 1326 1448 1364 in
1470 1326 1654 1365 lectione

210 1386 354 1426 Voffio
374 1383 551 1438 probata
579 1383 682 1421 ordo
704 1398 839 1422 rerum
861 1392 916 1434 59
935 1408 986 1414 —
1008 1387 1073 1424 62.
1100 1384 1303 1437 displicet.
1335 1383 1529 1437 Namque
1549 1396 1653 1421 auus

211 1443 296 1482 sine
320 1441 450 1480 dubio
474 1453 568 1478 eum
595 1440 777 1493 primum
797 1439 850 1478 ad
871 1441 985 1480 fores
1006 1439 1348 1495 praestolabatur,
1378 1449 1466 1478 tum
1491 1438 1543 1478 ad
1564 1439 1653 1478 De·

209 1499 311 1539 liam
345 1495 590 1536 deducebat.
663 1495 884 1536 Praeterea
915 1497 1261 1551 pronominibus,
1301 1499 1420 1535 llaec
1442 1517 1494 1526 —
1518 1498 1652 1540 Haec,

211 1555 426 1609 repetitis,
468 1550 628 1591 diversa
671 1552 814 1591 matris
857 1553 1090 1607 praedicari
1122 1552 1344 1602 beneficia,
1385 1550 1653 1608 significatur.

209 1611 414 1663 Denique
447 1618 674 1647 amatorem
708 1609 854 1647 deduci
885 1609 1099 1648 insolitum
1133 1607 1211 1656 est,
1251 1608 1365 1662 quali
1397 1622 1502 1647 anus
1531 1608 1654 1648 illum

212 1665 480 1707 arceffiverit.
552 1663 657 1711 Sed,
704 1664 733 1702 si
764 1666 988 1704 lectionem
1021 1666 1071 1704 ab
1103 1665 1273 1716 Heynio
1305 1675 1414 1704 recte
1447 1674 1653 1705 retentam

209 1723 444 1777 sequimur,
485 1734 588 1758 anus
618 1731 659 1758 et
690 1720 939 1760 adducendo
967 1722 1094 1760 filiam
1128 1721 1179 1759 acl
1210 1721 1428 1760 Tibullum
1460 1731 1502 1760 et
1523 1721 1654 1761 intro-

209 1777 418 1819 mittendo
449 1776 667 1815 Tibullum
698 1778 740 1814 in
772 1778 897 1816 aedes
930 1778 1083 1817 Deliae
1118 1777 1225 1815 bene
1255 1777 1305 1816 ‹le
1336 1791 1386 1816 eo
1412 1778 1655 1832 promeruit.

213 1835 340 1876 Goth.
373 1836 565 1884 adiungit
596 1848 670 1886 pro
693 1835 884 1882 adduci&
917 1845 957 1874 ct
980 1833 1131 1873 IIamb.
1165 1835 1223 1871 ad
1244 1835 1369 1884 hunc,
1401 1844 1528 1888 atque
1548 1837 1654 1874 mol-

207 1903 324 1945 toque
359 1894 423 1943 (a.
450 1892 551 1939 m.)-
590 1913 648 1920 --
693 1892 757 1930 61.
787 1905 930 1947 apogr.
960 1905 1090 1929 unum
1119 1901 1310 1943 nortmstte
1337 1893 1492 1942 affixa,
1536 1890 1655 1930 aliud

206 1959 401 1989 nocturne
425 1950 558 1999 qffi'xa.
591 1948 684 1986 Par.
713 1950 870 1999 adfixa.
896 1971 949 1979 —
981 1949 1047 1987 62.
1073 1946 1186 1989 Voss'.
1214 1964 1246 1987 ι.
1273 1951 1470 1999 cogrwvit.
1501 1946 1652 1987 Hamb.

207 2008 405 2058 agnoscit.
464 2006 537 2043 W.

322 2087 388 2130 63.
430 2085 532 2122 Vive
561 2083 630 2122 dm
660 2084 781 2130 milti,
819 2085 949 2124 dulcis
974 2086 1106 2134 amus]
1161 2082 1345 2141 Scaliger
1376 2081 1653 2123 archaismum

205 2139 276 2179 hic
297 2138 420 2178 fuiffe
452 2140 628 2192 putabat
657 2145 711 2178 ms
736 2143 865 2180 clzclvis
889 2157 990 2180 anus
1022 2154 1098 2195 pro
1129 2156 1238 2190 mea,
1269 2151 1311 2181 et
1333 2141 1389 2181 ita
1411 2140 1650 2194 refinxerat.

208 2197 316 2238 Sane
343 2197 401 2236 ita
424 2195 537 2248 apud
563 2197 766 2236 Ovidium
793 2197 921 2252 Epist.
951 2213 1013 2250 19,
1053 2207 1114 2244 ¹7·
1623 2198 1625 2202 ⁴

424 2292 481 2301 —
509 2296 566 2304 --
595 2297 649 2305 —
680 2288 805 2327 teque,
839 2293 860 2314 ο
891 2293 971 2314 mea
993 2277 1078 2326 sola
1108 2277 1294 2327 voluptas,

484 2333 570 2369 Plus
596 2348 758 2382 quoque,
790 2349 898 2384 quam
925 2336 1031 2369 reddi
1054 2336 1154 2384 quod
1179 2336 1267 2369 mihi
1287 2332 1422 2384 poffit.
1453 2345 1550 2371 amo.

204 2409 246 2446 in
270 2407 402 2462 prima
430 2405 616 2446 editione
640 2420 680 2447 et
703 2410 833 2449 tribus
855 2410 999 2448 Libris
1023 2411 1184 2463 misola
1205 2410 1372 2466 legitur.
1431 2409 1516 2450 Sed
1537 2420 1652 2453 reete

201 2464 392 2503 Broukh.
411 2465 512 2502 mila·
532 2465 724 2515 reduxit,
756 2467 871 2520 quod
900 2466 1134 2506 constanter
1155 2467 1278 2507 Libri
1299 2465 1477 2507 servant.
1531 2468 1651 2522 Quin

204 2531 245 2560 et
275 2526 350 2568 mi,
401 2520 431 2559 fi
463 2521 712 2574 recipiatur,
765 2524 887 2563 aliter
926 2524 1061 2578 accipi
1092 2524 1224 2562 nolim
1261 2538 1385 2578 quam
1423 2538 1500 2578 pro
1536 2525 1647 2564 mihi.

200 2578 392 2630 Propert.
415 2578 449 2627 Ι,
481 2590 543 2627 12,
580 2592 640 2629 ²9·

424 2659 489 2693 Mi
510 2671 625 2708 nequo
648 2672 772 2699 amare
794 2660 928 2699 aliam.
960 2674 1076 2710 neque
1095 2661 1141 2697 ab
1163 2661 1228 2698 hac
1250 2660 1455 2703 diffudere.
1478 2660 1545 2710 fas
1567 2659 1631 2709 est.

1449 2738 1517 2787 64.
1542 2752 1645 2789 pro·
