1722 2919
192 99 275 156 '590
511 94 895 137 OBSERVAT.
935 97 1011 136 IN
1041 97 1341 137 TIEVLLI

201 215 307 253 haec
326 211 482 252 lusibus
517 212 627 250 inter
654 226 792 251 rerum
821 211 1099 251 iucundamm
1130 209 1292 250 sensum
1318 210 1520 250 acriorem
1552 210 1654 250 effu-

200 271 264 310 fis.
300 270 349 307 Η.
412 268 518 308 Vide
545 268 654 322 supr.
687 270 786 309 Not.
850 271 920 307 W.
1062 269 1065 277 ‘

316 340 352 376 6.
382 353 461 376 non
482 337 806 390 ltabmjffesuam]
842 337 1029 390 Scaliger
1053 350 1104 376 ex
1127 337 1273 375 Cuiac.
1306 335 1433 383 (adde
1453 336 1599 376 C-uelf.
1616 348 1655 376 ε.

204 408 224 432 a
250 393 329 433 sec.
353 397 434 444 m.)
484 393 678 448 posuerat
701 399 783 447 saa
817 410 855 432 n.
889 394 1055 448 gaudia.
1137 395 1168 430 A
1203 396 1344 445 puella
1378 392 1655 448 expectabam

202 453 237 493 ,fi
267 466 352 504 qna
380 473 430 480 -—
452 453 585 503 suum.
618 451 670 488 H.
730 451 850 491 Nihil
882 449 1141 488 mutandum.
1201 451 1275 488 W.

318 526 357 565 8.
402 521 468 557 Ne
488 522 597 569 legat
615 522 660 558 id
678 535 816 565 nemo,
847 534 965 570 quam
986 534 1116 564 meus,
1146 529 1259 560 ante.
1298 521 1447 566 velim]
1479 519 1542 557 Ita
1566 518 1659 556 vul-

205 585 329 628 gatae
364 575 471 615 Edd.
498 578 621 615 etiam
655 588 817 615 veteres
841 576 1006 624 Vicent.
1036 575 1149 613 Brix.
1179 576 1386 625 venetae,
1426 588 1466 613 a&
1500 574 1660 627 duplex

209 632 380 685 negatio
411 633 480 682 fit,
529 648 642 672 more
676 636 945 673 Graecorum.
980 647 1017 671 v.
1049 631 1135 684 sup.
1171 632 1221 670 ad
1248 632 1321 679 IV,
1354 648 1388 682 1,
1424 636 1513 680 164.
1577 628 1660 669 Sed

208 689 307 728 libri
346 689 468 729 valde
498 691 674 729 variant.
745 691 847 728 Duo
881 689 1007 731 Witt.
1039 688 1123 727 duo
1154 688 1346 727 Broukh.
1380 688 1517 728 Laud.
1551 699 1660 725 unus

210 749 338 799 Angl.
373 761 464 785 cum
503 747 664 800 Regio:
708 751 782 786 Me
811 748 920 797 legat,
952 747 998 784 id
1021 761 1146 785 nemo.
1215 747 1318 783 Tres
1351 747 1446 785 Ital.
1470 743 1659 784 Colbert.

210 802 375 842 Thuan.
410 818 500 841 cum
535 802 613 842 Ed.
645 805 767 842 Rom.
801 806 875 842 Me
905 807 1015 854 legat
1043 812 1086 840 ut
1112 817 1248 848 nemo,
1281 803 1395 856 quod
1420 816 1506 841 non
1531 801 1660 839 inele-

213 873 315 913 gans
349 858 470 904 effet3
513 861 615 898 Exc.
649 860 828 908 Perreii,
863 864 936 899 ,Me
966 871 1010 899 ut
1039 862 1149 910 legat
1178 862 1223 897 id
1243 874 1381 906 nemo,
1414 859 1511 897 dum
1535 856 1684 911 libra-⁰

210 915 297 954 rius
329 926 548 969 utramque
582 918 806 956 lectionem
832 928 928 957 ante
958 919 1104 956 oculos
1135 914 1327 956 habebat.
1390 917 1512 955 Unus
1535 913 1663 952 Hein-

210 972 255 1011 fii
278 982 319 1010 et
338 987 445 1011 unus
471 975 593 1027 Angl.
617 977 689 1013 Me
711 976 821 1025 legat
843 977 890 1013 id
907 978 1034 1014 venio.
1089 973 1286 1026 Quatuor
1306 972 1500 1020 Statiani,
1527 971 1662 1008 Wall.

211 1042 319 1066 unus
342 1028 530 1067 Broukh.
554 1045 663 1070 unus
687 1034 810 1085 Angl.
835 1031 912 1070 Ed.
937 1033 1040 1070 Ven.
1067 1039 1185 1079 1475.
1212 1032 1312 1084 Reg.
1337 1031 1442 1083 Lep.
1458 1031 1532 1066 Me
1552 1030 1663 1077 legat

209 1087 392 1125 advenio.
462 1085 614 1136 Vides,
663 1088 876 1142 quomodo
918 1087 1124 1127 aberratio
1158 1088 1238 1125 alia
1271 1088 1393 1125 aliam
1425 1083 1661 1138 exceperim

212 1157 355 1181 omnes
391 1141 634 1192 ostendunt,
676 1148 721 1183 icl
760 1159 901 1183 verum
933 1144 1028 1184 effe.
1104 1147 1233 1182 Venio
1263 1144 1421 1183 factum
1453 1156 1506 1181 ex
1536 1154 1664 1179 nemo·

215 1203 289 1238 fise
315 1214 366 1237 ex
399 1215 460 1238 ne.
520 1202 586 1238 Ne
604 1224 658 1230 —-
677 1217 789 1240 nemo
817 1216 892 1254 pro
920 1217 972 1240 ne
1000 1200 1118 1255 quis,
1152 1201 1230 1238 iam
1255 1201 1355 1237 alibi
1376 1208 1566 1238 notatum
1591 1195 1660 1236 est.

212 1256 343 1294 Porro
378 1256 419 1294 in
451 1270 536 1294 uno
566 1259 688 1312 Angl.
727 1261 798 1305 effe
832 1273 907 1310 pro
940 1268 1055 1303 ante,
1110 1268 1151 1296 et
1179 1258 1221 1294 in
1258 1256 1335 1294 Ed.
1366 1257 1489 1293 Rom.
1527 1256 1662 1292 velint.

211 1311 440 1351 Molestum
470 1312 618 1365 utique
651 1313 704 1352 est
736 1325 850 1360 ante,
890 1314 1004 1368 quod
1039 1325 1174 1352 tamen
1198 1314 1363 1351 facilem
1388 1311 1662 1350 mutationem

216 1367 486 1407 admittebat:
530 1385 652 1422 quam
681 1387 789 1410 meus
823 1373 902 1411 ille.
943 1371 996 1409 H.
1080 1369 1315 1409 Obscurum
1345 1367 1413 1416 est,
1449 1365 1661 1421 quomodo

213 1424 412 1476 Heynius
445 1425 524 1464 hoc
557 1428 689 1480 accipi
723 1429 920 1468 voluerit.
981 1428 1025 1467 Si
1057 1426 1219 1465 iunxit:
1259 1440 1373 1464 nemo
1403 1439 1527 1477 qaam
1556 1438 1665 1461 meus

214 1483 305 1525 ille,
346 1480 385 1519 h.
416 1481 519 1522 sens.
553 1494 719 1537 praeter
743 1496 925 1524 amatum
953 1499 1114 1531 meum,
1161 1493 1208 1521 ut
1237 1482 1405 1521 videtur
1434 1479 1661 1520 secundum

215 1539 541 1591 explicationem
567 1542 608 1579 in
636 1543 748 1581 notis
778 1542 828 1580 ab
857 1557 906 1582 eo
933 1540 1207 1596 propositam,
1240 1540 1340 1578 ferri
1363 1538 1442 1576 boc
1464 1551 1548 1575 non
1572 1548 1663 1591 pot-

216 1593 296 1640 est,
348 1596 444 1650 quia
477 1613 590 1636 nemo
617 1622 675 1629 —
701 1615 821 1651 qnam
853 1599 935 1638 dici
965 1599 1019 1637 ita
1051 1598 1181 1636 latine
1220 1597 1380 1649 nequit.
1453 1594 1495 1633 Si
1523 1605 1663 1633 autem

217 1652 434 1691 intellexit
454 1653 537 1693 ita:
581 1658 646 1695 Ne
676 1660 766 1708 quis
796 1659 928 1708 legat,
966 1670 1087 1707 quarn
1107 1668 1226 1692 carus
1250 1656 1317 1691 ille
1336 1653 1435 1691 mila·
1454 1654 1535 1698 stt,
1567 1651 1663 1689 hae·

218 1721 289 1746 reo
322 1709 361 1745 in
394 1709 553 1749 verbis:
596 1728 645 1751 ne
673 1728 784 1751 nemo
815 1716 936 1765 legat.
999 1714 1106 1752 Nam
1137 1726 1184 1748 ne
1203 1726 1314 1748 nemo
1336 1709 1445 1748 idem
1471 1706 1525 1747 est
1548 1706 1663 1761 quod

216 1760 272 1816 μὴ
294 1765 527 1819 “umis-lg,
564 1780 674 1809 recte
699 1770 954 1825 significante
986 1768 1244 1807 Forcellinio
1278 1782 1370 1806 voe.
1401 1780 1527 1804 nemo,
1592 1767 1663 1803 At-

220 1821 293 1874 qui
318 1824 487 1877 negatio
511 1826 606 1864 talis
630 1841 722 1864 cum
756 1827 797 1864 vi
828 1827 1002 1880 repetita
1024 1825 1159 1864 aliena
1191 1823 1357 1862 videtur
1379 1823 1428 1861 ab
1453 1821 1532 1860 hoc
1552 1824 1660 1869 loco,

217 1889 414 1918 monente
438 1881 491 1921 H.
508 1883 658 1921 x'ossio.
722 1884 845 1936 Quae
877 1898 1005 1937 quum
1029 1883 1083 1920 ita
1108 1880 1208 1927 siut,
1241 1895 1332 1918 cum
1366 1881 1418 1917 ΙΙ.
1443 1878 1580 1917 Voffio
1602 1891 1663 1915 re-

221 1934 334 1987 cepi:
370 1940 442 1974 ]lle
468 1941 576 1989 legat
606 1949 649 1977 ιιι
677 1956 814 1985 nemo,
855 1950 900 1978 ut
932 1941 1089 1994 legitur
1113 1938 1154 1974 in
1176 1938 1273 1976 edit.
1301 1938 1418 1975 Rom.
1442 1945 1484 1974 et
1506 1935 1547 1972 iu
1570 1936 1662 1987 plu-

218 1990 332 2029 ribus
362 1993 599 2045 codicibus,
636 1997 788 2050 quibus
820 1997 982 2036 accedit
1012 1993 1320 2050 quodammodo
1349 1990 1456 2031 Vols·
1478 1999 1514 2039 4·
1545 2004 1661 2043 Prae*

217 2046 344 2087 bens:
378 2053 450 2088 Me
472 2061 583 2101 legat
603 2064 647 2092 ut
670 2070 793 2092 nemo.
855 2057 929 2092 file
950 2054 1073 2092 etiam
1101 2052 1248 2089 Hamb.
1281 2065 1342 2088 me
1363 2052 1470 2099 legat
1492 2050 1664 2086 aduenio

219 2104 354 2145 Zwic.
387 2117 424 2145 Ω.
494 2112 635 2163 Atque
666 2112 790 2149 etiam
824 2111 864 2149 in
896 2110 1088 2164 pluribus
1123 2109 1172 2146 H.
1201 2106 1308 2146 voff.
1340 2104 1591 2161 apographis
1621 2114 1664 2142 ut

219 2175 333 2199 nemo
355 2162 396 2200 in
420 2166 467 2201 t'cl
485 2181 618 2211 nemo,
649 2169 695 2205 id
711 2172 846 2215 venio,
877 2171 1046 2206 advenio
1071 2175 1324 2218 corruptum.
1385 2168 1512 2208 Ante)
1547 2159 1663 2215 qUOd

220 2218 375 2272 legitur
397 2221 437 2257 in
462 2222 701 2272 codicibus,
732 2240 815 2262 uno
838 2235 1030 2279 excepto,
1063 2222 1271 2269 omnibus,
1303 2220 1477 2259 retineo.
1524 2219 1595 2256 VV-

339 2303 375 2338 9.
415 2294 485 2329 Si(-
511 2296 689 2340 peccaffi’
719 2294 862 2344 iuvat]
903 2296 972 2331 Sic
1005 2307 1056 2331 ex
1087 2291 1244 2329 Heinfii
1278 2287 1570 2330 emendatione
1600 2303 1663 2329 re-

222 2344 363 2398 posuit
392 2347 580 2387 Broukh.
666 2351 802 2404 Vulgo
832 2354 932 2396 Sed,
973 2349 1086 2404 quod
1120 2349 1220 2387 ferri
1249 2355 1412 2402 poterat
1437 2359 1486 2383 eo
1518 2344 1659 2384 sensu:
1721 2375 1722 2397 ÷

222 2404 321 2441 Non
355 2406 461 2443 clam
487 2421 606 2456 agere
640 2416 673 2444 ct
703 2410 830 2445 celare
860 2412 1076 2459 quicquam
1106 2406 1284 2443 homines
1313 2405 1447 2441 velim:
1477 2405 1561 2440 Sed
1582 2412 1661 2441 etc.

221 2459 354 2499 Immo
389 2477 487 2502 vero
517 2477 569 2502 ex
599 2463 805 2517 proposita
837 2463 968 2502 nostra
1000 2462 1347 2516 interpretatione
1376 2460 1458 2498 Sed
1486 2458 1662 2513 requiri-

223 2524 300 2555 tur.
338 2517 390 2555 H.
451 2524 522 2559 Sic
556 2520 599 2558 in
631 2518 732 2558 Voss
780 2535 811 2558 1.
844 2532 879 2559 Ω.
943 2520 1013 2558 W.

336 2587 429 2627 eod.
459 2591 591 2628 valum
609 2603 839 2640 componere
847 2589 997 2639 famae
1022 2587 1201 2636 Taedet]
1231 2584 1392 2640 Regius
1414 2585 1551 2630 cultus,
1580 2581 1658 2622 fol·

221 2644 338 2683 lenni
360 2644 637 2687 aberratione.
666 2644 749 2686 vid.
772 2645 966 2684 Burman.
989 2644 1042 2683 ad
1072 2643 1200 2686 Ovid.
1220 2643 1277 2682 ΙΙ.
1309 2642 1417 2682 Met.
1439 2646 1528 2691 425.

1470 2723 1486 2745 1
1494 2720 1530 2745 0.
1560 2708 1658 2746 Cum
