1722 2919
205 131 282 175 162
508 128 890 174 OBSERVAT.
945 132 1020 173 IN
1076 133 1373 177 TIBVLLI

207 254 263 296 est
292 256 380 292 alat
390 269 404 301 ,·
446 265 593 292 verum
621 249 694 289 ille
722 264 806 287 non
829 247 885 288 est
915 247 1071 297 codex,
1113 248 1183 289 fed
1207 249 1339 290 editio
1368 250 1531 304 Gryph.
1557 265 1649 291 cum

206 326 293 353 var.
325 314 448 357 lect.,
495 310 605 348 inter
635 320 738 361 quas
768 305 871 345 adeo
901 315 1099 361 tanquam
1134 307 1245 346 varia
1281 307 1410 346 lectio
1435 309 1565 347 relata
1593 306 1648 348 est

204 367 444 411 emendatio
475 363 663 405 Turnebi
699 378 745 402 ac
773 362 950 402 RIureti.
1040 364 1135 411 (Ita
1176 363 1408 417 suspicatur
1439 365 1648 416 Heynius.

202 430 261 467 At
289 425 343 464 H.
368 424 555 473 Vossius,
599 421 799 476 quoniam
830 418 961 458 editio
990 419 1062 458 illa
1098 434 1190 459 cum
1217 420 1334 460 libris
1356 420 1648 476 manuscriptis

205 487 358 527 collata
393 481 567 526 dicitur,
600 493 622 518 e
651 476 867 517 codicibus
896 477 1120 515 lectionem
1151 489 1291 517 manat
1320 476 1485 518 fluxisse
1512 488 1648 532 putat.

202 541 287 583 Sed
325 538 439 594 quod
477 536 586 575 idem
626 535 845 573 Muretum
894 547 915 570 e
948 532 1163 573 codicibus
1207 537 1294 574 alac
1329 533 1528 588 recepisse
1571 550 1648 590 pro

199 609 313 641 certo
335 595 473 641 sumit,
496 592 577 631 hoc
600 608 621 632 c
643 590 780 629 verbis
793 589 976 628 Mureti:
1007 590 1183 644 „inepte
1205 592 1247 629 in
1269 591 1361 630 aliis
1384 591 1502 630 libris
1534 596 1646 632 Tau-

198 671 269 699 rus
286 658 375 695 alat
392 653 583 699 Cilicas,“
604 662 749 688 eruere
775 660 858 685 non
880 645 1022 699 potui;
1055 662 1131 686 nec
1155 647 1377 702 quisquam
1399 647 1497 688 inde
1520 649 1648 688 huius

196 715 260 755 rei
281 717 570 766 argumentum
594 713 771 758 repetat,
793 702 907 757 quod
928 703 1127 742 Muretus
1145 705 1241 744 Var.
1256 706 1378 744 Lect.
1394 704 1513 753 XIV,
1542 721 1556 743 1
1571 706 1647 748 hs.

196 771 311 812 hunc
330 764 498 809 Tibulli
525 766 664 802 locum
692 760 744 800 ad
770 758 1033 799 fertilitatem
1054 762 1206 800 montis
1232 760 1525 801 declarandam
1552 777 1647 801 cum

195 826 380 869 lectione
411 825 498 860 alat
537 818 742 874 apposuit·
776 817 879 864 VV.)
950 817 1002 855 In
1033 817 1111 857 Ed.
1144 818 1260 872 Lips.
1294 819 1485 870 intonsas,
1559 818 1647 858 Etfi

197 885 250 925 ad
291 878 539 921 sententiam
585 877 791 914 nonnulla
835 874 1061 913 coniectari
1103 874 1293 928 possunt,
1354 874 1462 913 nihil
1502 885 1644 915 tamen

195 941 346 986 video,
390 934 508 991 quod
537 933 697 973 iudicio
729 941 843 970 recto
873 930 1114 970 satisfaciat.
1175 932 1293 970 Inter
1314 931 1418 971 haec
1443 932 1644 987 relinqui·¹

196 1006 286 1043 tur,
327 993 553 1032 lectionem
586 988 667 1030 effe
700 1002 843 1028 veram
873 998 915 1027 et
939 988 991 1026 ab
1014 986 1102 1040 ipso
1125 992 1250 1042 poeta
1273 988 1530 1042 profectam,
1571 988 1642 1028 etti

194 1066 281 1091 non
312 1049 593 1104 probandam:
636 1045 814 1085 allusisse
844 1045 965 1084 illum
995 1043 1046 1083 ad
1074 1059 1225 1083 nomen
1247 1045 1402 1094 Tauri,
1442 1055 1644 1100 tanquam

193 1107 341 1156 bovis,
387 1107 461 1158 qui
495 1115 652 1149 araret;
704 1116 886 1157 eumque
923 1115 1040 1141 arare
1079 1101 1299 1151 Ciliciam,
1340 1113 1548 1158 quatenus
1571 1117 1646 1156 per

191 1180 284 1206 eam
323 1161 436 1217 quasi
477 1161 613 1200 sulcos
655 1159 795 1206 ducit,
849 1169 891 1198 et
930 1159 1041 1212 iugis
1084 1159 1435 1213 convallibusque
1475 1158 1644 1198 dirimit.

188 1219 411 1275 Frigidum
443 1229 485 1257 et
514 1214 680 1270 puerile
711 1213 817 1260 hoc,
859 1222 900 1251 et
932 1214 1047 1266 quod
1074 1229 1096 1251 a
1119 1214 1294 1253 Tibullo
1323 1213 1461 1254 abesse
1488 1215 1640 1258 velim3

192 1278 353 1330 diuque
395 1271 659 1329 repugnavi,
711 1268 836 1309 etiam
867 1283 1028 1322 nuper,
1078 1283 1171 1307 cum
1203 1284 1226 1308 a
1260 1271 1554 1310 Wernsdorfio
1589 1271 1642 1311 ad

191 1334 404 1373 Avienum
439 1347 481 1386 p.
503 1338 598 1382 998.
631 1328 678 1366 P.
701 1326 797 1365 Lat.
827 1326 892 1365 Μ.
921 1327 970 1364 Τ.
991 1325 1043 1365 V.
1074 1326 1119 1364 P.
1146 1338 1182 1364 2.
1208 1325 1372 1366 versum
1401 1326 1454 1367 fic
1479 1328 1640 1382 exposi-

191 1402 279 1431 tum
310 1393 518 1442 legerem,
562 1385 636 1441 qui
672 1384 822 1432 etiam,
870 1384 1084 1437 eleganter
1114 1382 1171 1421 ita
1206 1394 1301 1422 arat
1331 1384 1510 1437 positum
1541 1383 1639 1431 effe,

190 1447 345 1488 aiebat.
408 1446 566 1486 Saltem
596 1451 645 1479 ut
670 1454 722 1479 ne
743 1448 976 1493 repugnet,
1017 1437 1156 1477 afferri
1175 1439 1345 1492 possunt
1364 1440 1490 1480 haec:
1531 1442 1640 1481 tauri

188 1505 368 1543 formam
399 1500 534 1540 monti
563 1497 806 1538 tribuerunt
836 1503 1022 1534 veteres:
1067 1509 1109 1534 v.
1140 1495 1336 1534 Priscian.
1359 1498 1521 1554 Perieg.
1544 1501 1637 1545 633.

189 1569 229 1611 4.
251 1568 313 1606 5.;
358 1555 529 1598 fortasse
553 1566 594 1595 et
618 1554 767 1593 Avien.
792 1560 888 1601 844.
916 1567 1023 1589 nrt-nc
1049 1553 1202 1590 directa
1210 1555 1301 1604 firlo
1321 1562 1453 1593 tentus
1470 1559 1640 1607 vestigia

182 1621 299 1669 figit,
330 1630 410 1669 qua
437 1616 479 1652 in
510 1626 555 1651 re
580 1608 759 1662 Dionys.
787 1611 884 1658 642.
914 1607 1024 1647 dixit
1043 1605 1185 1650 ὁδεύει.
1246 1610 1386 1661 (Mihi
1407 1614 1524 1651 nulla
1546 1613 1637 1652 eius

187 1675 250 1714 rei
270 1671 441 1724 vestigia
469 1667 732 1722 deprehensa
760 1665 854 1704 sunt
879 1664 922 1702 in
943 1665 1098 1704 Avieni
1119 1667 1234 1711 loco,
1267 1667 1431 1720 poetica
1454 1668 1638 1722 quadam

189 1728 563 1770 circumlocutione
586 1724 644 1762 usi
664 1723 716 1762 ad
739 1720 1045 1762 enuntiandum
1063 1719 1225 1760 sensum
1245 1732 1356 1762 reeta
1373 1727 1498 1764 tendit
1521 1729 1635 1766 Tau-

187 1803 268 1826 rus.
305 1785 432 1825 Conf.
462 1780 641 1821 Withof.
676 1781 836 1818 Praem.
861 1775 928 1816 Cr.
964 1775 1034 1816 Cr.
1065 1793 1106 1830 p.
1145 1778 1233 1818 160.
1267 1782 1360 1832 W.)
1420 1782 1560 1821 Etiam
1590 1782 1635 1822 in

188 1844 326 1883 numis
366 1841 476 1881 tauri
515 1840 649 1877 forma
682 1838 849 1874 Taurus
890 1847 1010 1872 mons
1047 1832 1342 1876 adumbratur:
1397 1853 1437 1878 v.
1471 1839 1639 1880 Eckhel

184 1904 335 1943 Doctr.
363 1914 474 1937 num.
502 1897 596 1934 Vol.
617 1894 691 1933 VI.
725 1907 764 1946 p.
790 1904 857 1944 99.
890 1890 944 1929 H.
1007 1889 1125 1930 Dedi
1148 1905 1238 1930 cnm
1265 1892 1465 1942 Murem,
1509 1911 1636 1951 quem
1700 1922 1702 1944 ;

186 1970 228 1999 et
269 1959 320 1995 H.
363 1955 525 1995 Vossius
564 1949 775 2005 seguitur,
808 1951 906 1987 alat.
996 1949 1137 1987 Textu
1175 1949 1286 1988 enim
1319 1950 1376 1990 ita
1408 1952 1633 1993 constituto

183 2015 461 2069 fignificatur,
507 2008 727 2047 Tibullum
770 2002 912 2045 mirari
950 2017 1036 2044 non
1071 2004 1337 2046 fertilitatem
1382 2007 1632 2050 summorum

186 2070 450 2112 cacuminum
487 2063 825 2111 huiusnnontis,
869 2060 1009 2115 quod,
1039 2075 1291 2116 quamquam
1321 2065 1494 2118 l-Ieynio
1516 2067 1633 2123 frigi.

185 2127 284 2167 dum
315 2125 472 2172 visum,
514 2121 675 2176 placuit
704 2130 844 2159 tamen
871 2118 927 2159 H.
952 2119 1114 2166 vomo,
1146 2118 1218 2157 ‚sed
1249 2120 1449 2177 insignem
1473 2125 1629 2164 montis

181 2181 543 2239 magnitudinem,
596 2176 721 2215 modo
752 2175 1005 2216 vocabulum
1045 2184 1245 2227 quantus,
1295 2178 1340 2216 in
1370 2193 1454 2233 quo
1487 2179 1629 2221 sensus

182 2239 308 2280 cardo
340 2239 541 2281 vertitur,
583 2234 769 2287 explices
797 2248 879 2286 qma
911 2234 1190 2281 magnicmlr‘aew
1220 2243 1256 2271 ct
1283 2237 1407 2283 mole,
1451 2237 1628 2277 brevita-

182 2308 353 2352 temque
394 2304 515 2333 notes
545 2289 769 2331 verborum
796 2302 873 2343 pro
907 2287 1094 2343 vulgari:
1143 2300 1319 2341 quamue
1339 2293 1632 2344 stt—ficgrc'dac

185 2358 367 2400 Ίῒιιιναε,
406 2352 477 2403 qui
505 2351 592 2386 alit.
655 2343 723 2385 Cf.
758 2346 872 2400 Virg.
900 2349 1006 2384 Aen.
1039 2345 1129 2392 III,
1171 2347 1267 2394 641.
1298 2347 1445 2402 ibique
1469 2350 1628 2403 Heyni-
1684 2367 1691 2388 z

179 2427 273 2460 nm,
318 2409 437 2448 cuius
471 2405 675 2444 rationem
716 2401 775 2441 ibi
810 2402 1062 2456 propositam
1093 2400 1146 2440 ad
1178 2401 1217 2440 h.
1250 2406 1277 2441 1.
1318 2406 1536 2458 amplexus
1568 2406 1623 2447 est

180 2466 435 2506 Huschkius.
495 2462 536 2501 Is
558 2471 711 2507 tamen,
740 2469 788 2497 ut
810 2473 931 2498 omne
955 2457 1157 2497 orationis
1182 2458 1318 2514 frigus
1341 2461 1622 2515 evanesceret,

179 2536 220 2564 et
242 2522 435 2577 primaria
467 2517 668 2557 sententia
685 2545 695 2561 ,
743 2515 773 2553 si
794 2518 880 2553 alat
905 2515 1180 2564 retineretur,
1219 2514 1465 2557 secundaria
1487 2518 1621 2570 fleret,

178 2581 233 2619 ita
267 2591 312 2618 ut
342 2589 384 2618 et
416 2573 640 2615 narrationi
667 2571 885 2611 Strabonis
917 2571 1163 2612 conveniret
1194 2582 1235 2611 et
1266 2573 1425 2613 iudicio
1455 2587 1621 2628 poetae,

179 2636 316 2675 γνώῃς
346 2631 516 2672 mutatis
549 2631 915 2677 conlingat—alens
950 2627 1237 2682 reponendum
1274 2627 1358 2670 effe
1389 2625 1618 2677 iudicarim
1673 2639 1676 2672 3

177 2696 270 2732 coll.
309 2707 371 2745 19,
405 2703 470 2730 20.
509 2708 564 2719 --
620 2687 666 2725 u
685 2682 856 2724 ithosnn
877 2684 1040 2727 l'r-em.
1063 2684 1188 2725 Cruc.
1212 2684 1315 2727 Crit.
1337 2699 1380 2742 p.
1407 2695 1499 2740 ³⁴³9.
1521 2703 1618 2728 con-

1499 2755 1618 2784 lectt:

1668 2752 1672 2810 ,ὲ

1666 2826 1669 2866 ι

1663 2870 1668 2918 1
