1722 2919
205 118 286 162 586
513 115 899 156 OBSERVAT.
939 94 1375 154 IN'TIBVLLI‘

207 232 376 275 elumbe
402 239 444 269 et
470 229 595 269 exile.
655 229 783 268 Latet
803 228 912 267 forte
935 227 1120 281 aliquid,
1154 242 1247 266 nam
1272 231 1443 281 vulgata
1466 226 1562 266 satis
1585 226 1659 264 fibi

208 306 293 330 non
324 286 494 327 constat.
534 287 590 324 H.
660 285 820 338 Recepi
838 300 888 323 ne
910 286 1011 337 quid
1037 299 1130 322 cum
1160 285 1215 325 H.
1236 285 1392 333 Voffio,
1422 283 1658 339 postulante

210 361 322 387 nexu
351 343 662 383 sententiarum.
723 342 907 381 Primum
942 341 1052 379 enim
1081 355 1189 395 quae
1213 341 1521 381 antecesserunt
1549 340 1657 379 eius-

209 402 324 443 modi
359 401 476 448 sunt,
517 409 564 438 ut
595 400 728 438 noctis
755 398 911 437 mentio
943 398 1158 450 inopinata
1188 399 1331 437 veniat
1357 413 1435 438 nec
1465 397 1657 437 transitus

211 470 381 515 paratus
414 457 461 495 fit
495 455 544 495 ad
581 456 687 495 banc
719 455 948 493 notionem.
1026 454 1198 494 Deinde
1237 455 1361 493 etiam
1394 463 1660 509 pentameter

213 517 286 572 qui
310 515 497 568 [equitur
520 526 611 552 cum
632 512 836 565 particula
848 512 925 562 sed
944 510 984 547 in
1007 510 1147 549 fronte
1167 510 1295 564 polita
1323 512 1379 550 ita
1402 511 1585 550 refertur
1607 508 1660 548 ad

212 572 363 613 verba:
399 572 523 622 save,
555 586 603 608 ne
629 593 707 617 —,
740 578 787 606 ut
807 566 1012 620 oppositio
1037 567 1336 606 sententiarum
1357 568 1430 606 fibi
1457 581 1540 606 non
1563 580 1659 605 con·

212 630 287 669 fiet
311 639 473 666 retento
497 627 706 665 vocabulo
731 640 822 663 nox.
872 624 1095 662 Caeterum
1114 639 1192 663 nox
1214 623 1268 662 est
1296 626 1338 662 in
1360 625 1494 663 tribus
1518 638 1660 678 apogr.

211 688 267 727 H.
290 684 444 729 Vollii,
476 684 518 721 in
543 693 722 736 quatuor
746 696 817 719 nos
847 678 1009 729 (Goth.
1031 680 1214 730 Hamb.)
1247 691 1289 720 et
1309 681 1445 721 Zwic.
1473 697 1506 719 1.
1528 692 1565 719 2.
1611 681 1662 720 In

210 743 314 783 Ask.
347 756 456 780 neve.
517 741 568 778 In
601 736 712 779 Voff.
745 747 785 784 3.
815 745 854 787 4.
894 752 991 775 neve
1020 740 1075 776 id.
1136 736 1211 776 Ws

326 831 365 868 fl.
410 820 493 858 Sed
517 821 653 857 iuvem·
672 814 742 869 q.]
785 817 1061 856 Adverlativa
1092 815 1162 855 hic
1191 814 1361 855 videtur
1386 831 1533 870 parum
1557 829 1663 855 com·

211 878 335 919 moda
360 875 453 916 effe.
515 875 672 914 Melius
693 876 748 913 Et
770 874 937 929 legeris.
967 874 1020 912 H.
1084 874 1211 913 Nunc
1234 887 1319 912 non
1340 887 1446 928 opus
1468 872 1561 912 hoc.
1593 873 1666 911 W.

329 972 366 1006 9.
414 956 489 993 ulli
514 977 571 984 —
594 955 783 1005 puellae]
835 953 904 993 Sic
941 952 1020 992 Ed.
1048 954 1172 991 Rom.
1205 954 1418 999 Venetae,
1467 951 1663 999 Aldinae,

213 1016 375 1056 Mutet.
414 1022 456 1052 et
494 1011 592 1050 hine
626 1021 789 1050 ceterae
825 1025 918 1049 cum
952 1009 1061 1049 libro
1095 1009 1230 1049 Urfin.
1260 1019 1301 1048 et
1336 1009 1523 1048 Colbert.
1556 1007 1664 1046 adde

216 1071 362 1113 Guelf.
392 1077 428 1119 4.
495 1067 638 1107 Ceteri
673 1068 829 1106 maiore
859 1081 1062 1116 numero,
1111 1066 1236 1105 etiam
1271 1065 1444 1106 Corvin.
1478 1068 1557 1105 ulle
1594 1067 1664 1103 vel

213 1132 345 1173 ullae,
389 1124 503 1181 quod
534 1124 720 1173 Scaliger
750 1122 1005 1177 reposuerat.
1067 1124 1160 1163 Nec
1191 1119 1371 1170 dixeris,
1413 1133 1553 1162 utrum
1582 1121 1664 1160 hoc

213 1202 265 1227 ex
299 1183 460 1223 hbrarii
491 1180 676 1227 inscitia,
727 1195 779 1219 an
812 1185 962 1233 po'e‘tae
994 1179 1259 1218 affectatione
1290 1180 1465 1220 venerit.
1536 1178 1666 1218 Certe

212 1240 456 1293 rhythmum
489 1238 696 1291 ingratum
731 1236 901 1275 auribus
931 1235 1070 1275 versui
1097 1235 1286 1275 inferret.
1328 1237 1382 1276 H.
1443 1238 1492 1274 Si
1513 1250 1574 1289 pr.
1595 1237 1665 1274 Sic

211 1296 325 1338 Vols.
352 1307 387 1341 ἦ.
420 1309 511 1333 cum
546 1292 678 1331 Zwic.
706 1309 737 1331 ι.
771 1307 988 1342 componas
1013 1291 1159 1331 Hamb.
1182 1295 1291 1331 allae
1315 1293 1440 1332 etiam
1459 1294 1551 1332 Zw.
1571 1303 1666 1338 =.2.,

212 1354 281 1394 sed
304 1354 376 1392 ille
398 1353 439 1390 in
463 1364 589 1402 marg.
612 1351 701 1397 ulli,
732 1348 801 1388 hic
822 1344 941 1387 addit
961 1347 1077 1403 gloss'.
1098 1348 1234 1388 interl.
1255 1352 1384 1389 alteri.
1415 1349 1469 1388 H.
1487 1349 1661 1396 Voffius,

214 1411 282 1451 cui
316 1411 356 1448 in
387 1405 598 1448 erroribus
627 1408 759 1453 ullae,
792 1408 894 1452 ulle,
921 1408 1021 1445 velle
1048 1407 1179 1445 latere
1199 1405 1422 1445 videbatur
1447 1410 1500 1455 (³st
1523 1405 1607 1445 five
1629 1407 1665 1451 ἑ,

216 1467 391 1519 scripsit:
434 1474 475 1502 ut
505 1466 610 1502 nulli
631 1467 685 1512 est
713 1478 774 1518 pr.
798 1464 876 1502 alli
897 1478 998 1510 non,
1030 1462 1074 1500 in
1102 1476 1185 1515 quo
1210 1463 1422 1503 neminem
1442 1460 1663 1501 affentien·

211 1536 293 1564 tem
328 1521 512 1561 habebit.
575 1520 804 1560 Caeterum
830 1522 938 1560 ullae
962 1529 1005 1560 et
1027 1521 1106 1559 ulle
1131 1520 1277 1575 quinq.
1299 1534 1442 1576 apogr.
1472 1519 1527 1558 H.
1549 1517 1662 1560 Voss.

210 1585 306 1621 illae
339 1577 450 1619 Yoss'.
485 1593 518 1616 1.
585 1579 653 1616 W.

332 1671 393 1696 ιο.
433 1659 646 1708 cuiquam]
693 1655 736 1694 in
765 1655 983 1695 nonnullis
1021 1657 1206 1702 cuidam,
1237 1658 1359 1696 male.
1399 1655 1454 1694 H.
1531 1666 1575 1694 ut
1602 1669 1664 1709 pr.

212 1725 283 1756 aut
303 1713 416 1755 voff.
431 1728 467 1753 2.
490 1716 655 1753 cuidam
676 1713 828 1752 Hamb.
850 1728 944 1751 cum
960 1712 1062 1751 Ask.
1081 1714 1155 1752 ulli
1173 1726 1250 1765 pro
1270 1712 1417 1753 eodem
1432 1710 1561 1753 Goth.
1590 1713 1664 1751 W.

331 1810 393 1835 ιι.
434 1796 616 1845 vigilans
635 1814 691 1822 --
711 1790 871 1846 custos]
907 1793 1002 1830 Nea
1029 1791 1178 1845 utique
1206 1790 1358 1830 malim.
1385 1794 1445 1832 Ac
1470 1801 1537 1838 tu,
1563 1793 1665 1842 san-

211 1863 300 1898 cta,
319 1852 450 1902 fave,
482 1865 530 1888 ne
549 1872 605 1880 —-
625 1851 719 1888 Neu
734 1851 866 1899 pqffil.
913 1849 1044 1887 Porro
1066 1851 1243 1899 vigilans
1260 1847 1450 1891 Broukh.
1471 1848 1555 1887 fine
1576 1851 1665 1887 ulla

210 1909 414 1947 librorum
454 1907 703 1946 auctoritate
739 1915 919 1944 mutarat
956 1905 998 1943 in
1028 1907 1197 1956 vigilax.
1276 1903 1501 1954 Concedo,
1541 1903 1665 1958 saepe

209 1965 317 2003 hanc
349 1966 542 2003 voculam
580 1963 624 2001 in
663 1962 803 2016 poetis
843 1971 1103 2016 corruptam,
1144 1971 1187 2001 et
1213 1960 1534 2014 praeferendam
1563 1959 1662 2009 effe,

209 2021 284 2059 ubi
306 2021 403 2059 libri
423 2021 601 2059 variant.
662 2018 729 2057 Sic
754 2033 819 2072 ap.
841 2018 969 2059 Ovid.
992 2019 1047 2058 II.
1068 2018 1177 2058 Met.
1199 2027 1294 2070 779.
1322 2017 1396 2056 ubi
1418 2019 1663 2069 vigilacibus

207 2082 339 2117 exeita
369 2081 479 2116 curis
519 2092 572 2117 ex
604 2076 841 2130 potioribus
877 2075 1036 2129 optime
1069 2073 1247 2114 restituit
1274 2073 1495 2123 Heinsius,
1539 2089 1664 2129 quem

208 2135 318 2175 vide.
381 2134 449 2172 Sic
479 2143 522 2173 et
554 2134 598 2172 in
632 2132 833 2171 similibus
865 2147 950 2171 non
974 2146 1067 2170 raro
1089 2131 1262 2171 factum.
1325 2131 1376 2170 In
1399 2130 1548 2170 iisdem
1567 2132 1662 2171 Me-

207 2191 415 2245 tamorph.
439 2191 472 2238 1,
497 2201 590 2237 333.
621 2190 875 2242 conchaeque
895 2191 1042 2242 sonaci
1080 2187 1192 2228 haud
1225 2188 1354 2227 dubie
1382 2188 1533 2227 melius
1565 2203 1659 2226 cum

208 2247 454 2287 melioribus
480 2247 660 2301 legitur,
703 2261 827 2299 quam
861 2261 955 2285 cuni
985 2245 1078 2284 aliis
1102 2247 1282 2298 sonanti.
1343 2243 1425 2284 Sed
1450 2244 1659 2284 eiusmodi

207 2305 381 2344 delicias
418 2314 562 2342 contra
604 2302 789 2341 omnium
825 2303 1029 2341 librorum
1069 2302 1312 2342 consensum
1347 2315 1426 2342 nec
1458 2303 1544 2340 ulla
1575 2301 1660 2341 alia

206 2360 359 2401 idonea
399 2359 450 2399 de
486 2357 622 2398 caussa
655 2359 809 2398 inserte
836 2374 919 2398 non
952 2369 1089 2398 tutum
1121 2358 1242 2399 duco.
1285 2358 1340 2398 H.
1410 2359 1500 2397 Nec
1522 2360 1657 2408 pqffit.

205 2420 274 2457 De
302 2420 425 2470 pqffit
461 2416 515 2455 cf.
545 2417 579 2464 I,
607 2423 648 2462 8,
674 2423 740 2467 59.
806 2419 894 2455 Nec
918 2415 1165 2454 mutandum
1198 2430 1283 2455 non
1314 2413 1382 2455 est.
1413 2438 1471 2445 —
1497 2417 1657 2468 vigilax

203 2490 316 2513 nunc
347 2476 390 2512 in
426 2471 536 2512 Voff.
565 2483 602 2520 3.
646 2475 824 2523 vigilans
854 2476 1022 2523 cupidos
1054 2471 1165 2512 Voff.
1197 2482 1236 2521 5.
1265 2494 1321 2503 -
1365 2472 1655 2524 deprehendere
1720 2474 1722 2477 ’

200 2530 297 2570 Ald.
329 2547 361 2570 ι.
384 2542 422 2569 2.
454 2531 615 2569 Mutet.
645 2528 778 2568 Zwic.
806 2545 840 2567 1.
863 2543 901 2569 9..
963 2527 1037 2568 W.
1720 2526 1722 2532 ¹

320 2611 383 2638 12.
424 2595 648 2651 ministret]
684 2597 873 2637 Venetae
901 2601 1088 2647 mc'mster.
1124 2598 1179 2636 ΙΙ.
1240 2601 1443 2647 ministrat
1472 2593 1586 2636 Voff.
1610 2602 1652 2641 5.

196 2656 332 2697 Zwic.
367 2670 402 2694 ι.
462 2656 536 2694 W.

1494 2726 1555 2769 14.
1588 2729 1648 2756 let·
