1722 2919
134 102 216 150 270
452 82 835 130 OBSERVAT.
881 88 957 131 IN
1006 84 1312 130 TIBVLLI

135 203 362 248 admodum
384 204 547 258 ingrata
569 203 624 243 fic
643 203 793 243 existit.
853 204 1010 252 Verbo,
1036 205 1176 242 locum
1199 216 1284 240 non
1307 198 1501 254 expedio.
1533 200 1590 239 H.

133 267 189 306 H„
223 264 387 303 Vollius
419 265 541 302 litera
565 272 695 313 pacta
725 261 909 314 recepit,
960 260 1003 299 b.
1034 263 1062 298 l.
1102 260 1253 297 titulus
1282 259 1444 311 primae
1474 258 1591 311 pagi-

133 335 214 362 nae
246 320 550 374 adglutinatus.
609 319 783 358 Deinde
814 328 940 363 tunm,
972 327 1020 354 ut
1051 314 1154 354 vers.
1183 323 1222 361 8.
1248 318 1342 363 tuis,
1376 313 1589 367 probavit,

137 379 235 434 quia
268 375 415 416 Musas
445 376 565 430 loqui
594 374 735 414 statuit
761 390 854 413 cum
886 374 995 413 aliis.
1059 375 1189 410 Taum
1213 371 1282 409 hic
1308 371 1434 410 etiam
1459 370 1590 409 Goth.

134 446 177 476 et
207 434 360 474 Hamb.
391 454 447 463 —-
475 436 683 485 Pingatur
715 432 842 471 Goth.
875 446 937 484 pr.
959 434 1203 480 pingantur.
1236 430 1308 466 W.

201 513 205 517 ·
256 509 316 549 14.
358 504 429 540 Sic
457 504 626 548 etenim]
675 499 863 538 Broukh.
899 513 920 537 e
949 498 1066 536 libris
1099 497 1341 542 revocavit,
1383 510 1476 534 cum
1509 494 1591 533 iam

134 560 180 599 in
218 559 315 598 Ald.
356 558 436 598 sec.
477 568 518 597 et
555 559 671 597 Mur.
713 557 771 594 ita
815 565 1048 594 correctum
1089 553 1208 598 effet;
1262 553 1332 592 sed
1366 561 1591 591 retractum

136 627 226 657 erat
257 617 300 654 in
334 615 622 667 Scaligerana,
655 616 800 660 etiam,
835 612 948 665 quod
981 611 1035 651 est
1070 612 1111 649 in
1145 613 1268 650 Rom.
1301 621 1342 648 et
1375 609 1593 657 Cyllenia-

134 674 201 712 nis
236 684 277 712 et
297 672 390 711 Ald.
422 668 482 725 pr.
503 671 646 710 Guelf.
678 685 710 708 ι.
734 677 773 717 4.
806 670 860 707 Η.
919 672 991 709 Sic
1020 678 1179 707 tenerae
1212 667 1370 719 scripsit
1399 667 1454 705 H.
1483 663 1591 702 lois.

134 730 188 770 de
229 730 468 768 coniectura
501 741 576 780 pro
616 729 689 766 Sic
720 731 872 766 etenim.
913 748 969 759 -
1016 726 1204 768 lVindob.
1240 729 1434 775 pingere,
1475 732 1518 761 at
1546 722 1591 760 iu

133 801 262 841 marg.
291 790 456 823 marcere.
522 786 592 822 W.

253 855 314 893 16.
374 854 674 906 Castaliamque
713 849 924 904 umbram]
987 849 1134 891 Guelf.
1168 862 1204 890 2.
1247 848 1375 888 adfer.
1417 848 1468 886 ab
1509 846 1592 885 alia

132 927 261 952 manu
291 912 453 950 audam.
493 911 547 948 H.
621 911 844 959 Castalium
886 923 1032 947 numen
1074 918 1209 962 quart.
1242 904 1354 945 Vols.
1387 907 1430 944 in
1462 918 1589 960 marg.

138 971 439 1020 Castaliamque
469 967 664 1005 umbram.
728 967 876 1021 Quint.
911 964 1024 1005 Voff.
1051 967 1318 1017 pf‘ericlosque.
1373 964 1447 1002 WV.

255 1044 317 1084 ¹8·
361 1038 479 1075 Sicut
509 1038 610 1083 erit]
660 1045 757 1074 ante
789 1034 969 1075 Statium
1001 1044 1042 1073 et
1073 1033 1293 1072 Muretum
1324 1031 1451 1071 etiam
1481 1033 1594 1086 lege·

132 1093 286 1143 batur,
328 1096 445 1133 Sicut
476 1099 576 1131 erat.
647 1091 821 1130 Habent
851 1101 991 1130 tamen
1024 1094 1203 1130 alterum
1233 1099 1335 1129 vett.
1370 1087 1466 1128 edd.
1495 1097 1593 1125 ante

132 1151 306 1190 Aldum.
337 1171 385 1179 -
423 1150 567 1201 defluit
596 1147 737 1187 Guelf.
774 1163 806 1185 1.
840 1148 925 1186 H.·
957 1147 1137 1199 Recepit
1168 1147 1224 1185 H.
1257 1143 1371 1184 Voff.
1432 1144 1506 1183 W.

254 1231 316 1267 19.
365 1219 449 1256 Illa
478 1218 580 1255 milti
613 1216 791 1267 referet]
837 1215 932 1255 Hoc
962 1214 1149 1268 Scaliger
1181 1213 1338 1262 edidit,
1385 1223 1428 1252 et
1456 1212 1511 1251 lic
1543 1211 1593 1250 li-

133 1275 201 1314 bri
234 1273 453 1328 plerique,
502 1274 629 1313 etiam
661 1273 822 1327 Regius
854 1287 947 1311 cum
980 1272 1155 1311 Corvin.
1222 1273 1279 1310 At
1309 1270 1406 1318 alii,
1449 1269 1492 1308 in
1524 1268 1590 1307 his

133 1331 278 1372 Guelf.
320 1346 352 1370 1.
384 1343 424 1369 et
457 1338 494 1379 4.
535 1343 629 1368 cum
669 1330 855 1382 antiquis
888 1328 998 1368 Edd.
1040 1327 1140 1366 inde
1172 1342 1193 1365 a
1225 1328 1438 1374 Romana,
1490 1326 1593 1364 licet

135 1388 362 1440 Cyllenius
402 1389 524 1426 aliter
565 1386 610 1424 in
651 1386 762 1424 notis
794 1386 970 1434 habeat,
1020 1395 1062 1424 et
1088 1383 1269 1422 Aldinae
1307 1382 1437 1432 (Ald.
1460 1382 1494 1422 I.
1523 1398 1591 1421 re-

120 1447 245 1498 fert)
298 1454 548 1498 ceteraeque
594 1456 728 1496 usque
770 1441 822 1480 ad
865 1443 1149 1496 Scaligerum,
1195 1441 1378 1491 reserat,
1428 1449 1470 1479 et
1507 1438 1590 1478 hoc

131 1502 240 1542 mihi
264 1502 395 1556 magis
425 1504 586 1554 placet:
629 1499 821 1553 adeoque
860 1514 972 1537 nunc
1002 1497 1166 1538 reduxi.
1199 1498 1257 1537 H.
1318 1497 1489 1548 Ref'eret
1510 1495 1592 1535 tria

131 1573 279 1617 apogr.
302 1559 355 1597 H.
380 1556 493 1598 Voff.
526 1555 753 1606 (Hammo.
785 1555 923 1595 Probo
947 1570 1039 1594 cum
1062 1554 1201 1594 Voffio
1223 1564 1265 1593 et
1287 1554 1441 1607 recepi.
1473 1555 1547 1592 W.

249 1644 314 1671 20.
365 1629 433 1671 An
473 1633 605 1670 minor
643 1641 699 1666 cm
739 1634 821 1665 toto
847 1634 1010 1675 pectore
1039 1622 1285 1673 deciderim]
1344 1621 1436 1660 Viri
1475 1620 1594 1661 docti

130 1688 186 1730 ad
218 1688 479 1729 emendanda
513 1688 616 1729 haec
646 1683 833 1728 certatim
868 1696 1038 1741 operam
1065 1679 1179 1718 suam
1211 1681 1445 1720 contulere.
1505 1677 1591 1716 Ha-

130 1747 263 1787 buere
293 1748 423 1800 igitur
455 1746 615 1787 sensum
653 1746 836 1799 aliquem
872 1736 1167 1797 corruptelae?
1214 1735 1286 1776 sed
1320 1750 1401 1790 qua
1433 1736 1477 1774 in
1507 1735 1589 1776 re?

128 1808 190 1845 At
233 1804 420 1844 Broukh.
462 1804 569 1842 nihil
607 1801 907 1841 subodoratnr:
967 1812 1074 1848 tres,
1139 1795 1300 1852 inquit,
1364 1793 1408 1832 in
1450 1805 1590 1832 amore

131 1860 286 1918 gradus
320 1861 486 1917 egregie
517 1859 635 1899 vides
669 1858 875 1898 constitui.
953 1857 1125 1897 Scilicet
1155 1857 1317 1909 puerile
1348 1853 1429 1892 hoc
1460 1849 1593 1892 est'et
1624 1902 1626 1905 v

131 1919 185 1957 ab
219 1917 392 1957 affectus
427 1919 602 1957 veritate
642 1918 851 1963 alienum,
896 1915 1045 1954 ludere
1084 1914 1127 1951 in
1160 1911 1358 1968 gradibus
1391 1910 1455 1948 his
1488 1923 1588 1947 con-

134 1974 378 2014 stituendis:
432 1984 472 2014 et
505 1974 632 2014 huius
664 1974 724 2012 rei
755 1973 917 2012 sensum
950 1972 1132 2024 aliquem
1168 1966 1354 2007 habuiss'e.
1387 1967 1587 2006 videntur

129 2033 212 2073 viri
253 2030 366 2071 docti
408 2033 482 2086 qui
519 2030 808 2070 emendarunt.
882 2030 1098 2068 Fontanus
1139 2027 1239 2066 olim
1271 2024 1462 2080 legebat:
1514 2026 1587 2062 Aa

131 2104 341 2135 maneam,
389 2104 472 2138 an;
532 2087 685 2143 frigida
728 2086 951 2125 sententia.
1035 2084 1258 2123 Heinsius:
1315 2096 1420 2119 anne
1459 2095 1584 2119 amer.

132 2149 364 2198 Ayrmann.
406 2147 449 2183 in
482 2144 579 2184 Vita
612 2144 776 2182 Tibulli
817 2148 856 2192 ς).
890 2145 955 2189 86.
987 2144 1075 2180 Aut
1106 2145 1258 2187 minor,
1297 2154 1364 2177 an.
1426 2137 1585 2177 Statius

129 2205 173 2244 in
209 2202 343 2241 Vatic.
379 2201 540 2241 viderat
580 2218 600 2239 e
630 2210 710 2239 toto
752 2211 793 2239 et
824 2200 922 2238 hinc
952 2197 1239 2238 coniectabat:
1286 2205 1324 2235 et
1361 2203 1389 2234 t.
1449 2195 1585 2234 Immo

129 2272 234 2301 vero
273 2259 378 2298 ratio
410 2260 464 2296 ita
498 2258 674 2296 scribere
707 2257 846 2297 iubet:
887 2260 958 2296 An
988 2260 1139 2304 minor,
1179 2262 1218 2292 et
1258 2254 1360 2304 (vel
1386 2254 1466 2301 ae)
1505 2258 1588 2289 toto

125 2326 289 2370 pectore
320 2317 568 2355 deciderim?
608 2315 824 2352 Hactenus
855 2314 974 2352 bene.
1052 2313 1209 2351 Verum
1241 2308 1422 2362 superest
1452 2309 1588 2348 altera>

131 2372 340 2429 quaestio:
381 2387 433 2412 an
464 2371 663 2410 Tibullus
695 2384 792 2408 vere
824 2370 880 2408 ita
914 2367 1153 2422 scripserit?
1201 2365 1351 2419 Quid?
1391 2365 1421 2403 fi
1450 2364 1490 2404 ei
1520 2367 1587 2403 lu·

131 2433 232 2470 dere
263 2429 457 2483 placuit?
506 2425 882 2481 reprehendendus
919 2427 1032 2465 forte
1061 2425 1105 2463 iu
1137 2437 1188 2463 eo
1219 2421 1298 2462 est:
1347 2435 1494 2461 verum
1526 2432 1587 2460 ta·-

132 2501 229 2526 men
269 2487 319 2525 de
361 2486 590 2540 scripturae
632 2483 811 2522 veritate
850 2498 963 2522 nunc
1005 2480 1236 2536 quaeritur.
1315 2479 1404 2518 Iam
1442 2487 1585 2516 autem

130 2543 351 2600 probabile
382 2542 488 2583 adeo
517 2541 586 2589 fit,
627 2554 723 2579 eum
753 2539 913 2578 lusisse:
954 2553 1050 2577 nam
1079 2538 1109 2576 ss
1138 2534 1373 2589 scripserat:
1405 2537 1477 2574 An
1503 2537 1582 2571 mi-

132 2617 206 2639 ηυι·
235 2611 295 2645 el,
335 2603 442 2639 male
474 2597 664 2653 sequitur
693 2606 772 2635 toto
803 2606 988 2650 pectore.
1046 2596 1192 2635 Multo
1223 2592 1415 2647 putidius
1449 2589 1503 2632 est
1534 2590 1584 2628 il-

130 2657 210 2696 lud
241 2657 316 2695 inf.
350 2657 425 2706 lY,
462 2672 497 2706 ι,
531 2668 625 2695 201.
656 2663 696 2692 α.

1471 2705 1585 2757 Quod
