1722 2919
178 95 263 139 234
495 95 886 137 OBSERVAT.
916 96 990 137 IN
1030 94 1332 138 TIBVLLI

178 207 259 249 Ed.
282 206 400 260 Lips.
432 217 605 259 tempore
632 207 813 247 sollenni
839 207 959 262 lapsu
986 209 1251 249 librariorum
1283 210 1328 248 in
1350 209 1416 250 his
1442 209 1625 251 casibus:

180 267 420 317 exemplum
450 280 490 304 vi
522 264 573 303 ad
606 265 662 313 II,
698 274 737 313 3,
771 273 835 313 42.
867 266 924 306 H.
981 268 1075 305 Iam
1096 265 1253 305 habent
1281 278 1463 321 quatuor
1482 281 1626 323 apogr.

177 320 293 359 Voss.
337 329 379 359 et
415 321 542 360 Bern.
604 323 720 360 Nam
758 322 890 362 Zwic.
928 339 961 361 1.
994 336 1030 362 2.
1080 323 1207 362 Goth.
1240 324 1390 364 Hamb.
1436 327 1627 375 Tempora

178 379 223 417 in
242 376 344 416 Ask.
368 390 389 414 a
412 391 473 431 pr.
493 393 545 417 m.
607 378 716 417 Mox
739 393 798 432 pr.
821 395 942 430 usqne
967 390 1102 433 quart.
1126 394 1190 433 ap.
1211 379 1324 421 Voff.
1345 391 1476 434 alque.
1507 381 1579 419 W.

298 441 360 480 15.
401 437 447 481 fi
474 436 538 488 ηίζ
553 437 776 486 prodestis]
825 435 1013 475 Broukh.
1055 451 1107 475 ex
1144 451 1229 476 uno
1262 439 1533 485 Florentino,
1584 445 1627 477 et

178 504 201 530 a
234 505 288 530 m.
334 488 414 528 sec.
453 489 497 530 in
529 491 671 530 Guelf.
706 502 745 538 3.
779 495 907 547 vulgo
927 494 971 539 st
1001 508 1078 531 non
1102 507 1146 542 p.
1178 494 1232 533 H.
1301 497 1350 533 St
1378 498 1440 534 nil
1468 494 1629 533 habent

178 545 294 586 Voff.
328 557 366 584 2.
396 557 436 594 5.
465 557 505 600 4.
536 556 575 595 5.
615 547 860 587 Monacens.
903 559 944 588 et
973 548 1155 591 vindob.
1226 552 1322 589 ZVon
1351 552 1484 592 Zwic.
1523 567 1556 590 ι.
1589 561 1627 589 9..

179 603 307 645 Goth.
338 603 490 644 Hamb.
554 605 627 642 W.

298 671 360 709 17.
404 671 465 711 et,
505 666 659 715 qualis,
713 662 781 698 aba·
809 663 941 701 orbem
975 664 1214 714 Complevit,
1261 667 1384 713 vetfls
1409 667 1535 704 Luna
1561 678 1629 702 re-

178 721 307 757 currit
335 722 476 769 equis]
520 719 599 758 Ed.
630 720 752 756 ¹stom.
786 718 958 769 vitiose,
1008 724 1195 772 ιηιιαίίε,ί
1235 733 1281 761 ut
1313 731 1400 761 erat
1430 722 1474 759 in
1505 719 1633 762 Statii

178 774 312 815 libris.
375 775 426 813 In
459 775 632 814 Venetis
667 784 710 813 et
742 775 884 814 Guelf.
920 792 952 814 1.
981 792 1051 815 nec
1081 794 1117 829 q.
1157 800 1213 809 ——-
1264 780 1372 833 Reg.
1405 793 1499 817 cum
1533 776 1628 816 aliis

178 829 431 885 quibusdam
465 831 610 879 codd.‚
645 830 770 870 etiam
806 831 948 871 Guelf.
977 849 1033 880 1.,
1079 843 1121 872 ut
1150 836 1283 874 orbem
1315 838 1383 884 C.;
1421 834 1475 873 [ic
1502 834 1630 874 etiam

177 887 367 926 Venetae
410 897 452 925 et
483 887 675 927 Aldinae.
759 887 922 927 Primus
965 890 1151 945 Scaliger
1181 908 1202 932 e
1233 891 1352 931 libris
1384 889 1517 930 edidit
1546 890 1629 929 ubi.

178 942 265 982 vid.
296 943 484 982 Broukh.
563 944 681 983 ldetn
716 943 877 999 Regius
920 960 1019 985 mox
1049 943 1286 1004 elegantius
1319 957 1503 987 recurrat
1533 961 1631 986 cum

179 1010 362 1055 quatuor
403 1001 497 1038 aliis
539 1000 652 1054 apud
684 999 1018 1051 Broulzhufium,
1071 1013 1113 1043 et
1155 1005 1327 1044 Corvin.
1360 1005 1514 1059 Sicque
1544 1004 1630 1042 iam

179 1057 339 1096 editum
371 1056 510 1096 fuerat
541 1057 583 1094 in
616 1056 711 1096 Ald.
742 1056 820 1096 sec.
852 1068 894 1097 et
925 1060 1022 1099 inde
1054 1063 1277 1114 expreffis,
1321 1061 1415 1102 add.
1449 1062 1630 1110 Muret.‚

177 1116 288 1152 male
320 1128 342 1151 a
375 1113 587 1167 Scaligero
621 1113 1032 1169 dese1·tum;‚itaque
1063 1119 1260 1156 revocavi
1291 1133 1367 1172 pro
1398 1121 1531 1158 altero
1562 1133 1628 1156 re-

177 1172 320 1208 currit.
359 1169 439 1208 Ed.
481 1170 603 1208 Bafil.
651 1179 850 1217 recurret,
916 1173 1020 1210 vitio
1073 1183 1239 1228 typogr.
1283 1175 1335 1214 H.
1432 1177 1630 1213 Remu-rit

177 1226 314 1266 ZWic.
353 1242 384 1264 1.
427 1228 633 1265 Recurrat
672 1227 805 1266 Zwic.
840 1239 876 1264 2.
928 1228 1030 1266 Ask.
1069 1241 1112 1268 et
1150 1246 1258 1268 unus
1300 1229 1410 1271 Voss‘.
1448 1254 1504 1261 -—-
1542 1233 1629 1271 Ae-

177 1286 313 1337 qualis
344 1282 472 1321 Goth.
505 1297 721 1337 perperam
754 1293 796 1322 et
827 1294 1008 1337 quatuor
1038 1300 1181 1341 apogr.
1211 1285 1323 1327 Voss.
1357 1309 1410 1318 --
1447 1289 1529 1327 Pro
1560 1289 1629 1327 aba·

178 1339 236 1379 ῙῙ.
270 1336 383 1379 Voff.
415 1339 586 1378 reduxit
615 1350 670 1378 ul.
731 1341 804 1378 W.

295 1406 362 1434 21.
404 1397 464 1434 At
483 1395 616 1449 milti]
652 1405 722 1434 ant
745 1396 888 1434 Guelf.
912 1408 951 1445 ,5
980 1399 1154 1437 Monac.
1185 1402 1362 1438 Taceam
1383 1400 1510 1440 Goth.

295 1462 361 1499 23.
404 1453 493 1491 Aut
521 1457 687 1503 rapiam
704 1454 901 1505 suspensa
920 1456 1058 1506 sac-ris
1089 1458 1268 1505 zftfignia
1297 1455 1455 1510 sanis]
1504 1456 1632 1497 Scali-

180 1523 256 1564 ger
282 1522 305 1547 e
334 1507 418 1547 suis
454 1510 557 1548 Exc.
588 1509 852 1562 reposuerat,
896 1513 1091 1563 suspensa
1119 1513 1234 1563 simis
1270 1515 1450 1564 itfigm'a
1478 1516 1631 1567 sacriS,

181 1576 226 1604 et
254 1564 309 1602 fic
340 1564 466 1604 etiam
498 1565 571 1603 alii
600 1566 699 1604 libri
730 1565 843 1620 apud
873 1567 1195 1607 Broukhulium.
1257 1569 1340 1608 Sed
1366 1575 1558 1622 infigam,
1591 1571 1629 1610 h.

182 1621 381 1668 donaria,
425 1622 739 1674 reponebantur
773 1623 816 1660 iu
846 1623 983 1671 fanis,
1035 1639 1120 1662 nou
1151 1625 1194 1663 in
1226 1627 1330 1664 locis
1360 1627 1547 1681 privatis.
1579 1627 1633 1666 cf.

179 1676 216 1727 I,
251 1689 290 1725 2,
324 1685 392 1722 82.
453 1678 649 1716 Heinsius
682 1692 757 1732 pro
778 1680 896 1730 focis
927 1680 1184 1720 coniiciebat
1213 1683 1356 1731 tholis,
1405 1695 1453 1723 ut
1483 1685 1632 1740 virgil.

182 1736 291 1774 Aen.
322 1733 410 1783 IX,
451 1737 545 1784 406.

356 1805 395 1838 Si
425 1817 495 1851 qua
527 1806 597 1838 tuis
627 1819 787 1854 unquam
816 1819 885 1852 pro
918 1820 974 1841 me
999 1816 1105 1853 pater
1134 1809 1322 1856 Hyrtacus
1352 1814 1429 1846 aris

356 1861 469 1895 Dona
498 1861 604 1901 tulit,
640 1860 676 1911 fi
708 1875 780 1909 qua
813 1861 887 1909 ipse
919 1865 1005 1897 meis
1033 1865 1225 1898 venatibus
1254 1869 1355 1906 auxi,

355 1913 581 1964 Suspendive
621 1918 750 1957 tholo.
805 1924 870 1954 aut
902 1918 1010 1967 sacra
1051 1920 1100 1953 ml
1132 1919 1293 1969 fastigia
1320 1923 1409 1969 fixi.

183 1991 325 2036 Nostri
366 1994 580 2047 vulgatam
625 1991 816 2042 servant,
875 2009 997 2049 quam
1036 2006 1148 2035 recte
1187 2000 1405 2039 revocavit
1444 1999 1634 2040 Broukh.

184 2064 311 2105 quem
344 2048 454 2089 vide.
498 2050 552 2089 H.
629 2054 775 2090 Sacris
802 2055 927 2104 simis
963 2053 1157 2107 plerique
1195 2068 1261 2108 ap.
1300 2057 1354 2095 H.
1387 2055 1498 2097 Voff.
1520 2059 1638 2109 siae-12&

176 2110 312 2163 sacris
343 2105 446 2143 Ask.
481 2107 598 2145 donis
627 2108 781 2147 Hamb.
845 2110 916 2147 W.

302 2169 368 2211 24.
413 2164 498 2200 Sed
523 2166 566 2202 V
562 2178 658 2202 enus
686 2175 778 2204 ante
805 2168 908 2205 alios
935 2169 990 2215 est
1017 2167 1211 2204 violanda
1239 2170 1363 2217 milii]
1405 2180 1500 2209 ante
1527 2170 1634 2209 alios

186 2217 240 2258 [ο.
273 2218 388 2257 deos.
459 2219 526 2257 Sic
569 2219 688 2259 codd.
730 2232 773 2261 et
805 2223 949 2262 Gueff.
983 2233 1019 2261 2,
1063 2223 1143 2261 iam
1176 2223 1335 2264 editum
1369 2237 1457 2266 erat
1490 2227 1531 2264 in
1565 2228 1635 2264 Al-

188 2275 287 2314 dina
323 2286 526 2330 utraque,
582 2276 721 2331 sicque
755 2293 778 2317 e
808 2279 915 2318 libro
947 2278 1021 2318 suo
1053 2279 1300 2319 emendabat
1329 2284 1525 2321 RIuretus
1558 2296 1635 2335 pro

188 2346 264 2382 eo,
301 2332 415 2386 quod
445 2333 488 2370 in
521 2332 692 2371 Venetis
724 2346 836 2382 erat,
869 2337 994 2375 etiam
1029 2335 1072 2374 in
1103 2336 1181 2375 Ed.
1213 2337 1335 2377 Bam.
1368 2348 1409 2377 et
1439 2339 1482 2376 in
1515 2339 1635 2378 libris

188 2391 396 2430 Guarner.
428 2398 470 2429 et
500 2388 662 2443 Regi0‚
703 2391 847 2430 Guelf.
883 2406 915 2430 ι.
947 2401 1039 2430 ante
1068 2395 1186 2432 allas.
1222 2394 1274 2433 cf.
1311 2395 1388 2442 111,
1421 2404 1458 2444 4,
1492 2405 1556 2447 93.
1592 2405 1636 2434 et

187 2449 228 2494 6,
264 2456 329 2492 32.
402 2445 472 2485 Sic
512 2459 577 2499 ap.
617 2447 786 2486 Terent.
829 2451 995 2488 illarum
1033 2454 1256 2504 quisquam.
1299 2466 1336 2491 v.
1371 2451 1537 2490 Ciofan.
1581 2451 1635 2491 ad

189 2501 320 2543 Ovid.
349 2502 382 2542 I.
426 2502 535 2542 Met.
568 2510 664 2550 507.
735 2504 847 2543 Mox
886 2520 926 2545 v.
961 2514 1026 2552 27.
1071 2506 1122 2546 de
1153 2506 1355 2562 scriptura
1394 2509 1638 2560 zmaragdos·

189 2559 288 2598 vide
318 2558 406 2613 sup.
439 2558 491 2597 ad
522 2558 558 2608 I,
598 2575 632 2607 1,
664 2567 730 2606 51.
762 2561 817 2600 II.
877 2564 933 2601 L't
962 2577 1024 2615 pr.
1057 2567 1112 2613 est
1141 2564 1269 2605 Goth.
1335 2566 1404 2605 W.

303 2633 371 2674 αθ.
414 2628 583 2682 Tinga&
611 2625 724 2670 Vols.
760 2643 794 2672 3-
826 2640 865 2668 2.
898 2639 935 2677 5.
966 2637 1005 2676 5.
1069 2632 1143 2673 W.

383 2701 398 2711 ··
1457 2709 1523 2748 29.
1553 2699 1639 2737 Hic
