1722 2919
232 158 316 203 244
539 157 931 200 OBSERVAT.
975 158 1050 200 IN
1089 159 1392 200 TIBVLLI

347 282 413 323 55.
451 278 593 325 gregis
624 275 721 314 ditis
745 275 955 327 placitura
987 276 1209 325 magistro]
1260 273 1470 327 Vulpius,
1502 272 1686 312 offensus

234 332 362 380 sono,
399 342 676 372 revocaverat
708 333 806 379 diti,
844 342 890 370 ut
921 331 1045 370 etiam
1071 332 1264 370 Heinsius
1298 333 1527 379 maluerat,
1562 339 1604 368 et
1632 328 1686 369 est

234 392 279 428 in
301 389 382 427 Ed.
400 389 536 426 Plant.
569 398 611 427 et
629 388 826 428 Dousae:
871 402 891 426 a
912 387 1087 427 Mureto
1119 387 1366 441 repositum3
1400 386 1444 426 id
1467 385 1581 440 quod
1602 385 1686 438 pri·

233 461 302 485 mo
332 449 428 483 loco
458 445 770 484 memorandum
803 455 916 490 erat3
951 459 1027 484 nec
1053 444 1175 483 aliter
1199 444 1373 483 Corvin.
1405 442 1478 482 etsi
1502 443 1545 480 in
1567 445 1688 481 nullo

236 504 320 542 alio
347 501 500 555 sci-lpto
533 516 622 540 eam
655 516 875 541 occurrere
899 499 1085 539 Broukb.
1117 500 1293 540 viderat.
1356 500 1438 539 Sed
1473 501 1688 551 vulgatam

234 560 461 600 lectionem
484 559 668 604 retineo,
702 573 808 612 quae
832 569 873 596 et
899 559 1132 611 elegantior
1151 556 1216 597 est.
1277 558 1358 596 Pro
1371 558 1585 609 placitura
1606 554 1686 595 Ed.

234 619 360 656 Rom.
384 616 633 666 plzarz'turcz5
672 626 712 653 et
744 614 996 668 probaverat
1018 614 1214 654 Pafferat.
1247 628 1298 653 ex
1325 614 1443 652 libris
1471 616 1689 664 paritura.-

235 673 344 713 adde
376 672 470 712 edd.
497 673 600 711 Ven.
625 682 666 710 et
688 671 831 710 Guelf.
862 686 894 710 ι.
926 673 1044 710 male.
1071 686 1165 710 nam
1191 670 1244 709 ad
1266 669 1515 710 celebranda
1537 667 1688 707 sollen-

235 731 329 777 nia,
370 744 457 768 non
486 728 536 767 ad
565 739 730 781 partum
761 727 992 773 edendum,
1034 738 1218 767 venerat.
1250 727 1337 766 vid.
1367 742 1408 768 v.
1431 728 1498 776 36.
1526 726 1688 781 Regius

235 780 376 826 tamen
409 787 452 823 in
483 786 658 824 eandem
685 784 931 823 sententiam
961 798 1059 822 mox
1087 800 1128 825 v.
1148 794 1215 831 37.
1245 799 1336 822 cum
1365 798 1446 836 qua
1459 784 1689 835 foecunda.

234 843 353 883 Idem
382 842 421 881 h.
446 845 472 881 l.
506 856 599 880 cum
626 855 712 878 uno
737 842 886 887 Statii,
919 845 1136 891 magistris.
1195 843 1367 880 Poterat
1389 849 1585 879 contenta
1608 837 1689 879 effe

235 914 328 939 ww.
359 901 412 937 H.
476 900 497 939 Χ
515 898 600 937 ind.
626 901 842 946 ministris,
871 912 957 936 non
985 899 1123 936 miuus
1149 897 1298 936 falsum
1321 911 1445 949 quam
1467 899 1688 947 magistris,

235 958 291 996 H.
316 958 333 991 N
353 956 474 994 ollius
507 955 667 1008 recepit
689 958 766 993 (lili
795 964 837 994 et
857 968 935 1008 pro
960 958 1173 1005 placitura
1206 952 1448 993 emendavit
1468 958 1546 1005 pia
1572 967 1690 999 ema,

236 1012 591 1067 quemadmodum
626 1011 723 1050 infr.
752 1012 827 1058 IV,
865 1025 930 1060 ιι,
972 1028 1002 1049 ι.
1041 1015 1242 1067 vulgatur
1271 1012 1480 1059 placitare
1512 1024 1588 1064 pro
1613 1013 1690 1061 pia

236 1086 358 1115 cura,
402 1068 515 1121 quod
545 1069 604 1106 ibi
635 1082 685 1107 ex
716 1068 854 1107 Ursini
881 1068 990 1108 libro
1019 1068 1207 1122 reposuit
1230 1066 1534 1106 Broukhufius.
1593 1068 1689 1106 Ele·

237 1140 340 1181 gans
374 1125 428 1164 est
453 1124 557 1164 haec
587 1125 847 1173 emendatio,
880 1124 951 1164 sed
984 1129 1102 1164 nullo
1126 1125 1234 1163 libro
1261 1123 1513 1175 suffragante
1535 1123 1577 1161 in
1601 1133 1690 1162 tex-

237 1179 326 1221 tum
365 1182 511 1219 inferri
554 1196 637 1219 non
674 1191 851 1234 poterat.
932 1181 1057 1220 More
1096 1182 1271 1234 antiquo
1306 1176 1449 1233 puella
1487 1177 1689 1233 pastorem

235 1238 355 1277 suum
381 1238 483 1285 adit,
519 1238 604 1276 vid.
629 1238 769 1289 Heyn.
792 1237 843 1274 ad
865 1237 979 1292 Virg.
1004 1239 1149 1290 Eclog.
1177 1238 1258 1282 ΙΠ,
1285 1238 1351 1275 66.
1375 1239 1456 1282 67.‚
1490 1250 1537 1274 ac
1560 1251 1688 1290 quum

238 1295 289 1333 de
314 1294 509 1332 honestae
531 1297 699 1347 puellae
725 1292 895 1332 honesto
921 1308 1061 1332 amore
1087 1290 1219 1333 sermo
1244 1293 1305 1342 fit,
1340 1308 1424 1331 nou
1446 1291 1587 1339 video,
1613 1306 1685 1330 cur

228 1354 441 1403 plac-iluna
479 1352 601 1389 aliter
641 1351 964 1403 interpretemur
1004 1365 1130 1404 quam
1168 1360 1331 1389 caetera
1362 1348 1490 1388 verba
1522 1349 1685 1395 iubent,

236 1408 493 1447 vocabulum
524 1421 598 1459 per
627 1406 668 1445 se
701 1406 868 1444 minime
902 1406 1182 1446 inhonestum.
1246 1407 1316 1444 W.

353 1467 416 1508 36.
438 1465 552 1514 fistct
572 1479 667 1514 up.
694 1465 758 1501 die
783 1463 863 1513 est]
892 1467 947 1511 est
967 1464 1093 1502 tacite
1110 1463 1154 1501 in
1178 1462 1303 1501 finem
1330 1461 1478 1501 reiecit
1496 1461 1685 1500 Broulzh.

235 1521 378 1575 Vulgo
400 1521 558 1574 ubique
583 1520 757 1573 ponitur
774 1518 862 1573 post
875 1522 1006 1571 festa.
1029 1535 1066 1558 v.
1089 1521 1145 1568 II,
1179 1535 1213 1567 1,
1236 1521 1303 1569 46.
1334 1519 1387 1558 H.
1448 1521 1521 1568 Est
1539 1518 1582 1556 in
1604 1518 1685 1558 fine

235 1578 378 1617 versus
409 1576 567 1615 habent
593 1593 625 1615 ι.
654 1588 676 1614 9.
715 1586 752 1621 3.
788 1576 897 1616 Voss'.
959 1577 1055 1615 Hoc
1082 1576 1222 1629 recepi
1255 1574 1423 1615 secutus
1453 1575 1684 1628 GuYetum‚

234 1633 567 1679 Broukhulium,
603 1633 819 1686 Vulpium.
881 1635 956 1674 W.

350 1700 417 1736 37.
448 1691 627 1740 secundi
652 1705 684 1727 r.
714 1705 880 1728 munera
907 1686 1043 1741 ruris]
1082 1687 1318 1727 Lutlici‘um
1346 1688 1424 1736 est,
1467 1686 1581 1741 quod
1613 1687 1686 1726 Vi-

236 1758 344 1786 cent.
378 1746 573 1785 exhibet:
610 1746 794 1796 facundi
826 1762 993 1785 manera
1031 1749 1133 1784 iaris
1171 1747 1328 1797 Caseus.
1400 1744 1541 1784 Caseis
1573 1742 1684 1798 palei

234 1804 352 1842 lctis
389 1801 532 1841 nostris
566 1804 637 1840 vix
664 1802 851 1842 sollenne
882 1802 957 1843 est:
999 1801 1110 1841 forte
1142 1817 1219 1841 nec
1262 1806 1439 1841 alterum
1470 1800 1604 1851 illud,
1637 1811 1687 1839 ut

232 1859 408 1898 facundi
437 1859 627 1898 homiues
660 1859 749 1897 lint.

350 1929 415 1967 59.
459 1917 520 1954 Ab
543 1916 620 1954 boc
643 1915 761 1955 versu
784 1915 882 1954 libri
903 1925 945 1955 et
965 1915 1175 1954 editiones
1197 1926 1359 1955 veteres
1383 1931 1475 1955 cum
1500 1912 1593 1953 Ald.
1619 1928 1680 1968 pr.

232 1970 357 2025 (nam
390 1972 568 2011 secunda
608 1971 840 2011 asteriscum
871 1982 1032 2011 tantum
1067 1983 1108 2011 et
1131 1971 1310 2025 spatium
1346 1986 1524 2011 vacuum
1552 1971 1679 2009 inter-

230 2028 398 2083 posuit)
438 2040 479 2068 et
509 2030 692 2068 Flamin.
730 2043 866 2068 novae
908 2030 1069 2084 elegiae
1112 2030 1281 2067 initium
1318 2029 1506 2078 faciunt,
1559 2037 1603 2066 et
1633 2028 1701 2066 in.

231 2087 372 2124 Guelf.
399 2098 432 2124 2.
467 2085 521 2125 est
555 2089 890 2138 Elegiasqttinuc
924 2086 1113 2137 Sibyllae
1138 2086 1397 2125 vaticinium.
1436 2100 1473 2124 v.
1504 2083 1591 2138 sup.
1625 2084 1697 2123 ad*

228 2142 300 2180 lib.
329 2144 358 2190 l,
396 2156 457 2182 10.
491 2158 551 2196 pr.
586 2145 761 2181 Factum
789 2143 1045 2197 improbavit
1068 2143 1255 2196 Scaliger
1285 2153 1326 2182 ct
1347 2143 1428 2181 iam
1456 2152 1553 2181 ante
1578 2140 1676 2193 Cyl·

227 2199 388 2242 lenius;
432 2200 589 2252 primus
624 2209 761 2239 autem
794 2200 933 2238 iunxit
962 2198 1245 2252 superioribus
1274 2200 1487 2238 Muretus.
1555 2199 1676 2253 Igno-

225 2254 422 2293 scendum
455 2270 553 2294 vero
586 2266 673 2294 erat
700 2258 831 2295 veteri
866 2257 1018 2303 errori,
1060 2269 1153 2292 cuin
1184 2270 1269 2293 non
1294 2254 1428 2294 statim
1457 2255 1501 2292 in
1529 2256 1675 2293 oculos

225 2312 479 2360 incurreret,
524 2312 659 2350 redire
693 2315 923 2352 orationem
955 2313 1007 2351 ad
1038 2326 1077 2350 v.
1107 2324 1170 2351 2¹2.
1213 2313 1265 2350 ll.
1336 2314 1485 2352 Novae
1514 2311 1674 2365 elegiae

223 2368 390 2406 initium
421 2367 475 2407 est
510 2369 632 2406 etiam
667 2369 707 2405 in
743 2370 875 2408 Zwic.
911 2384 942 2407 ι.
967 2382 1003 2407 9..
1036 2368 1188 2407 Hamb.
1217 2368 1347 2407 Goth.
1376 2378 1418 2407 et
1440 2369 1696 2421 plerisque,·

224 2425 378 2478 quibus
413 2425 463 2463 H.
501 2426 664 2463 Yoffius
697 2424 792 2463 usus
824 2425 891 2465 est.
953 2426 1028 2464 W.

335 2490 402 2531 40.
447 2485 571 2521 Τνυια
589 2481 808 2533 -Ᾰὲιι-να]
849 2484 904 2521 ita
936 2479 1145 2536 reposuit,
1179 2491 1380 2536 tanquam
1408 2479 1669 2527 emendatius

220 2547 261 2575 et
296 2537 486 2588 doctius,
533 2539 630 2592 quia
662 2552 857 2593 graecum
890 2538 970 2587 est,
1011 2538 1199 2577 Broukh.
1237 2554 1289 2577 ex
1320 2551 1405 2577 uuo
1431 2535 1666 2576 Bodleiano

220 2608 293 2644 pro
334 2599 494 2634 'lb-mea.
523 2611 561 2633 v.
583 2594 724 2634 Heius.
764 2596 815 2633 ad
845 2596 972 2635 Ovid.
996 2594 1123 2650 Epist.
1141 2597 1175 2646 I,
1205 2603 1267 2642 28.
1298 2593 1481 2635 Bentlei.
1506 2591 1559 2631 ad
1578 2593 1665 2630 ΗΟ·

218 2660 289 2687 rat.
313 2652 389 2690 Ill.
413 2652 494 2691 Od.
519 2663 557 2700 713,
579 2661 646 2699 32.
678 2650 817 2700 (Add.
838 2652 1063 2691 Burmann.
1091 2652 1144 2691 ad
1167 2651 1341 2692 Anthol.
1366 2651 1412 2691 P.
1438 2650 1531 2691 Vet.
1560 2648 1607 2686 T·
1630 2646 1661 2685 1·

215 2719 252 2757 1*-
284 2715 351 2754 35.
382 2718 424 2748 et
454 2708 547 2748 hab.
579 2708 648 2748 hic
674 2718 711 2747 Ω.
745 2707 856 2750 Voll'.
886 2708 1011 2749 Bern.
1044 2708 1144 2749 Ask.
1176 2710 1281 2759 W.)
1493 2768 1519 2810 4
1588 2761 1618 2800 I

1530 2776 1558 2799 ι.
1613 2775 1662 2798 ιι-

1717 2705 1722 2826 ἔ

1714 2828 1720 2919 l
