1722 2919
533 67 664 108 LIB.
695 67 752 107 IL
826 67 1093 108 ELEG.1.
1466 69 1551 112 215

195 182 265 222 66.
314 182 512 235 applauso
541 183 622 221 tela
651 183 775 235 fimat
804 181 964 235 latere]
1019 183 1138 221 Male
1170 181 1356 237 Scaliger
1375 182 1545 234 sonant,

82 236 199 301 quod
221 238 384 294 aliquot
406 238 528 287 libri,
560 250 607 278 ut
629 238 774 278 Guelf.
798 251 835 278 2.
860 253 881 277 a
907 254 968 292 pr.
992 254 1059 287 m„
1094 238 1274 286 liabent,
1313 249 1356 278 ut
1379 242 1457 278 tela
1481 241 1542 278 in-

79 295 305 334 ltrumenta
345 296 524 335 textoria
565 294 709 336 essent.
799 297 1033 348 Applaufi»,
1085 296 1258 335 Heinsio
1300 296 1540 350 probatum,

79 349 366 391 Broukhufius
397 367 450 393 ex
475 352 596 393 codd.
623 364 664 392 ct
687 353 873 408 antiquis
904 352 1013 393 Edd.
1039 352 1248 406 reposuit;
1283 363 1323 392 et
1348 353 1400 392 sic
1422 353 1540 408 Lips.

78 408 135 448 At
156 409 278 448 Rom.
302 424 395 448 curn
420 411 574 465 Regio,
598 410 743 451 Guelf.
774 427 804 449 1.
828 423 864 450 2.
888 418 925 460 4.
951 420 992 450 et
1014 408 1189 448 Corvin.
1214 412 1394 462 appulso,
1423 409 1540 465 quod

78 468 208 521 vulgo
234 465 277 504 in
303 465 397 507 cdd.
431 468 559 517 (Ald.
586 469 616 506 I.
646 468 703 506 H.
726 467 866 518 scal.)
900 468 1078 523 legitur,
1111 467 1318 505 varietate
1343 466 1537 506 sollenni.

78 522 146 561 Sic
169 532 339 574 pectora
363 527 516 577 plausa
547 541 610 579 ap.
636 524 751 580 Yirg.
775 526 875 565 XII.
903 527 1007 564 Aen.
1033 524 1101 570 36.
1126 522 1200 562 ubi
1223 523 1347 561 etiam
1377 525 1416 562 in
1443 524 1538 562 aliis

67 581 202 632 [²¹¹lfi'·
236 580 289 619 cf.
324 580 470 623 Ileinl'.
500 595 535 622 e.
568 586 594 622 l.
628 591 669 621 et
697 581 749 620 acl
785 582 913 622 Ovid.
950 582 1006 622 II.
1046 581 1154 620 Met.
1187 581 1284 626 867.
1353 581 1539 636 Scaliger

73 637 193 676 malit
224 639 405 691 appluso.
465 640 665 680 Muretus
689 638 880 679 ediderat
903 655 929 678 a
949 640 1065 691 pulso
1085 639 1159 689 Asi
1181 639 1318 676 latere.
1380 639 1426 674 ln
1451 651 1536 676 uno

73 695 198 750 Angl.
224 694 469 750 legebatur:
505 702 666 750 pectine
692 700 774 736 tela
803 699 947 750 sonat,
991 706 1038 736 ut
1059 695 1210 751 virgil.
1243 694 1335 734 Ciri
1371 703 1463 745 ¹79·

246 778 334 814 Non
366 779 520 828 Libyco
550 779 679 815 molles
709 780 935 827 plauduntur
967 781 1114 827 pectine
1145 777 1253 813 telae.

73 874 115 903 et
139 864 303 903 Voffius
327 865 380 905 ad
404 865 496 906 Cat.
529 882 568 921 p.
592 875 685 917 249.
718 883 769 908 ex
791 881 877 906 uno
898 866 1068 906 laudat:
1104 869 1263 917 pec-tine
1286 863 1535 917 lanasonat.

71 921 311 976 Utrumque
343 934 488 963 natunn
521 923 691 964 videtur
721 939 774 964 ex
807 938 884 972 eo,
926 923 1043 978 quod
1068 924 1162 977 quis
1187 931 1348 975 pectore
1367 923 1534 973 telaso—

71 989 143 1018 nat
165 977 407 1033 scripsisset,
439 980 582 1020 versus
610 980 833 1021 molliendi
860 981 1012 1020 caussa.
1035 996 1075 1019 v.
1096 979 1148 1018 ad
1174 995 1210 1019 v.
1232 990 1269 1026 8.
1336 982 1434 1019 Tela
1463 993 1534 1016 au-

72 1045 155 1074 tem
179 1035 323 1091 iugum
356 1036 440 1078 sive
470 1038 731 1078 transversus
763 1039 837 1077 ille
866 1037 1111 1090 cylindrus,
1147 1034 1272 1091 super
1303 1051 1429 1091 quem
1458 1033 1534 1074 sta·

70 1107 166 1131 men
196 1091 456 1144 demittitur,
491 1093 574 1135 esse
607 1110 692 1135 non
723 1093 880 1150 potest;
912 1095 957 1134 id
981 1095 1094 1134 enim
1121 1097 1254 1134 latere
1282 1092 1439 1148 pulsari
1463 1105 1533 1131 ne·

71 1149 185 1203 quit,
222 1164 274 1189 ne
301 1165 353 1190 ex
384 1152 559 1206 antiqua
588 1152 761 1208 quidem
790 1152 966 1192 texendi
994 1153 1184 1199 ratione,
1226 1166 1320 1190 cum
1355 1149 1408 1189 ad
1440 1163 1532 1202 per-

69 1205 344 1259 pendiculum
387 1208 558 1249 extensa
600 1208 734 1255 esseut
770 1208 966 1258 stamina,
1018 1208 1131 1249 unde
1163 1209 1326 1249 Ovidio
1347 1207 1534 1258 pendula

68 1266 150 1302 tela
190 1273 232 1302 ct
261 1269 416 1314 stantes
452 1270 558 1306 telae
589 1267 800 1307 dicuntur.
868 1267 1075 1322 Intelligo
1108 1265 1253 1320 potius
1279 1265 1364 1304 five
1395 1263 1531 1318 ipsum

69 1335 201 1374 opus,
233 1322 350 1376 quod
380 1323 565 1372 texitur,
606 1323 700 1370 seu,
741 1324 857 1379 quod
886 1325 1054 1373 malim,
1087 1322 1291 1362 bacillum
1319 1332 1530 1361 transver-

68 1376 181 1426 sum,
225 1380 299 1432 qui
330 1380 528 1419 amicitur
562 1383 646 1419 tela
677 1395 785 1434 quae
816 1380 959 1420 detexi
990 1379 1162 1432 incipit;
1214 1379 1296 1418 hoc
1326 1378 1472 1432 iugum
1504 1389 1529 1414 a

66 1434 251 1474 texentis
293 1435 526 1475 fluctuante
559 1451 735 1490 corpore
767 1437 919 1492 attingi
957 1435 1084 1482 solet,
1136 1446 1185 1475 ut
1214 1434 1409 1488 strepitus
1441 1431 1526 1470 fiat.

65 1495 202 1530 Latm-
232 1505 333 1532 vero
365 1491 486 1533 sensu
520 1494 735 1548 ampliori,
772 1507 850 1548 pro
880 1507 1081 1547 corpore,
1133 1502 1182 1532 ut
1212 1489 1386 1548 quando
1419 1491 1528 1528 lacus

50 1550 242 1600 flagellis
271 1548 391 1589 caedi
421 1548 587 1589 dicitur.

181 1606 249 1652 67.
291 1607 381 1659 lpse
411 1610 589 1661 interque
610 1623 781 1659 greges,
817 1612 998 1660 interque
1027 1610 1092 1654 a.]
1142 1607 1266 1645 Hanc
1294 1603 1525 1644 lectionem

63 1662 257 1704 Broukh.
288 1678 311 1704 e
340 1663 579 1718 potioribus
613 1666 731 1704 libris
760 1665 830 1705 sex
862 1677 976 1704 recte
1009 1663 1192 1703 induxit.
1260 1661 1526 1715 Suffragatur

63 1720 251 1760 vindob.
326 1721 438 1770 Alii,
483 1722 608 1762 etiam
639 1722 789 1774 nostri,
839 1731 881 1762 et
910 1720 1004 1761 edd.
1041 1734 1213 1768 οιιιηεε,
1256 1720 1344 1771 Ipse
1373 1730 1526 1770 quoque

60 1781 167 1818 inter
187 1793 334 1830 agros,
364 1791 416 1819 eo
444 1777 562 1819 sensu
578 1812 587 1826 ,
613 1789 661 1818 ut
687 1781 757 1829 sit,
788 1784 830 1820 in
854 1782 982 1831 agris,
1041 1776 1192 1827 (Idem
1215 1775 1318 1816 daut
1340 1775 1523 1830 plurima

63 1835 295 1893 apograph.
330 1834 383 1875 Η.
410 1834 523 1876 Vols.
556 1836 680 1877 Bern.
708 1839 794 1890 Ipse
823 1852 977 1891 quoque
1010 1841 1112 1875 inter
1135 1849 1294 1886 greges.
1338 1829 1449 1871 vols.
1483 1840 1522 1876 3.

63 1903 106 1932 et
140 1892 242 1933 Ask.
289 1895 375 1947 ipsa
410 1897 590 1946 interque
629 1910 766 1945 agros.
826 1894 939 1934 Voss.
975 1909 1008 1932 ι.
1050 1895 1209 1946 ipseque
1249 1895 1355 1931 inter
1382 1903 1521 1939 agros.

63 1950 197 1990 Zwic.
225 1966 255 1988 1.
276 1961 313 1989 2.
337 1950 490 1991 Hamb.
514 1951 643 1991 Goth.
671 1955 754 2004 isse
783 1967 935 2006 quoque
961 1954 1068 1989 inter
1095 1964 1232 2001 agros.
1295 1949 1362 1987 Pr.
1396 1960 1522 1998 equas

61 2006 175 2050 Voss.
197 2019 236 2058 5.
266 2023 408 2062 aquas.
442 2008 548 2058 W.)
609 2010 669 2049 Ut
700 2023 812 2048 nnnc
843 2009 1022 2064 legitur,
1057 2022 1226 2058 greges,
1264 2014 1450 2045 armenta
1478 2012 1521 2044 et

62 2080 186 2119 equae
214 2067 271 2108 ita
305 2065 640 2122 distinguuntur,
685 2076 733 2105 ut
759 2077 947 2105 armenta
975 2065 1103 2104 boum
1125 2061 1402 2118 intelligenda
1425 2062 1517 2108 sint,

63 2124 239 2165 exclusis
270 2123 404 2177 equis.
477 2122 678 2163 Ceterum
712 2122 780 2162 hic
810 2125 956 2172 locus,
1009 2121 1136 2162 etiam
1169 2121 1327 2176 Yulpio
1362 2119 1518 2166 iudice,

61 2177 117 2220 est
146 2179 486 2237 elegantissimus.

175 2239 243 2292 69.
282 2238 442 2277 imloclo
461 2260 518 2267 —
537 2235 667 2288 arc-n]
710 2235 790 2276 Ed.
816 2234 932 2290 Lips.
957 2236 1162 2285 indomito,
1195 2250 1249 2276 ex
1271 2234 1360 2290 sup.
1382 2231 1517 2275 versu.

177 2304 247 2344 75.
284 2298 408 2347 opes]
447 2311 547 2346 eques
583 2294 728 2333 Guelf.
765 2310 796 2332 1.
829 2302 871 2332 et
903 2293 1004 2332 Ask.

175 2361 244 2403 74.
283 2355 425 2393 Italae
457 2350 671 2397 absolute,
711 2349 955 2390 notandum.

179 2411 247 2456 76.
285 2410 362 2450 Ad
388 2412 569 2448 iuvenem
600 2407 771 2446 tenebris
801 2409 861 2455 s.]
905 2422 989 2448 non
1019 2411 1064 2446 122
1091 2407 1284 2451 tenebris,
1325 2401 1440 2459 quod
1474 2409 1516 2440 et

65 2463 122 2505 est
151 2465 196 2505 in
217 2466 361 2507 Guelf.
385 2475 423 2504 Ω.
482 2465 621 2504 Etiam
643 2463 825 2504 Ovidius
855 2464 939 2504 siue
970 2465 1278 2519 praepositione
1305 2463 1336 2501 l.
1359 2462 1452 2501 Am.
1474 2461 1514 2509 6,

69 2536 133 2562 ιο.
163 2522 301 2563 Catal.
330 2524 450 2563 Pofit.
483 2536 524 2576 p.
558 2533 652 2560 200.
682 2522 789 2561 Scal.
820 2520 873 2562 de
899 2525 1069 2578 puella:

235 2604 447 2654 Intrepiilos
478 2602 634 2639 tenebris
660 2617 800 2654 ponere
827 2604 942 2641 docta
966 2604 1093 2654 pedes.
1151 2598 1207 2638 H.

1442 2688 1526 2728 Te-'
