1722 2919
198 89 284 132 400
516 86 898 129 OBSERVAT.
945 88 1019 130 IN
1068 88 1372 132 TIBVLLI

198 205 311 244 enim
339 211 617 256 propagatum
649 199 704 241 est
743 200 787 240 in
814 202 929 242 Brix.
962 203 1146 244 Venetas
1174 217 1340 252 omne5‚
1397 203 1574 245 Aldinas
1606 215 1650 246 et

198 262 399 314 reliquas.
461 258 587 298 Unde
616 271 718 298 vero
749 259 822 299 ille
851 259 959 299 illud
990 260 1199 309 hauserit,
1246 264 1361 300 nulla
1393 262 1558 301 ratione
1589 262 1649 302 as·

195 316 316 371 sequi
343 313 518 369 poffum.
550 315 604 355 H.
667 319 798 355 titulis
837 315 951 355 Voff.
988 330 1023 358 1.
1084 319 1145 356 Ac
1177 317 1338 356 iudicat
1378 319 1433 359 H.
1465 318 1647 369 Voffius,

198 383 336 412 ortum
369 372 448 411 hoc
480 370 563 412 effe
595 385 618 412 e
649 372 816 412 nomine
853 375 1024 423 Tibullo,
1057 388 1141 428 quo
1172 388 1404 429 pronomen
1435 375 1549 415 nobis
1579 391 1650 415 ex-

198 429 397 484 plicuerit
417 428 584 484 aliquis.
616 427 784 469 Caeteti
803 445 947 469 verum
970 434 1354 470 tenent.-caemm
1376 429 1490 471 Vols.
1507 445 1541 472 1.
1572 434 1647 472 W.

311 530 350 559 Ω.
390 520 464 559 hoc·
485 536 532 572 p.
564 523 702 559 iuncta
732 524 786 568 est
802 518 1001 572 foedere]
1049 521 1235 576 Regius,
1270 531 1402 572 pacta
1428 526 1494 572 est.
1565 522 1650 563 Sed

197 592 235 618 v.
265 578 366 618 Not.
407 577 460 616 H.
536 579 688 618 Vincta
728 575 840 617 Voff.
883 587 920 623 3.
958 576 1061 617 Ask.
1092 600 1149 608 —
1187 582 1296 617 ricta
1333 579 1454 618 Mon.
1484 601 1542 612 -—-
1579 580 1648 619 Pr.

201 637 245 676 V
242 649 337 674 emas
367 631 480 674 Voff.
519 649 552 672 1.
587 634 720 673 bonu-³.
780 633 852 671 W.

311 735 348 772 3.
402 727 465 763 Tu
492 725 592 762 mihi
610 725 706 776 sola
728 726 902 775 places]
953 724 1145 764 Maxima
1176 739 1271 779 pars
1312 724 1538 774 librorum,
1589 738 1646 766 et-

195 781 277 821 iam
311 780 405 821 edd.
438 790 542 820 vett.
581 784 644 820 Ta
664 781 804 830 modo;
843 790 885 820 et
914 780 967 819 fic
993 780 1181 835 reposuit
1201 782 1397 838 Scaliger.
1456 782 1651 828 Broukh›

192 848 335 878 tamen
379 838 548 887 maluit,
602 847 644 876 et
675 848 813 885 recte,
879 852 1079 877 revocare
1115 842 1175 877 Tu
1206 839 1329 884 mihi,
1371 839 1484 893 quod
1517 839 1571 879 est
1601 843 1646 879 in

192 910 280 934 uno
310 895 458 947 Scalig.
493 908 579 933 uno
610 893 803 935 Broukh.
837 894 917 934 Ed.
939 896 1062 933 Rom.
1083 897 1269 936 Venetis.
1302 895 1408 935 adde
1428 897 1583 936 ‘Guelfi
1610 911 1644 939 ι.

193 962 237 992 et
266 962 306 1003 4.
341 962 456 992 ortus
490 964 606 990 error
638 965 690 990 ex
721 950 973 1006 compendio
1002 953 1056 992 ιῆ.
1120 951 1249 992 ovid.
1279 954 1315 992 1.
1353 953 1445 993 Art.
1476 960 1542 1003 42.
1595 948 1603 952 ”

412 1043 551 1092 Elige,
594 1046 650 1079 cui
681 1045 803 1080 dicas:
848 1046 903 1080 Tu
934 1045 1024 1080 mihi
1047 1044 1136 1094 sola
1164 1047 1302 1094 places.

307 1154 401 1195 eod.
430 1177 488 1186 --
516 1170 589 1194 nec·
618 1159 704 1194 iam
732 1165 770 1195 te
795 1155 871 1208 μ]
923 1156 967 1194 in
999 1156 1092 1195 aliis
1133 1155 1261 1205 ordo,
1317 1170 1388 1195 nec
1427 1140 1478 1195 te·
1493 1160 1580 1195 iam
1597 1173 1644 1210 p.

186 1211 413 1259 ‚Sententia
444 1226 546 1251 vero
579 1212 724 1253 eadem
754 1214 944 1254 Terentii
975 1215 1085 1252 Eun.
1117 1214 1200 1261 III,
1233 1222 1274 1261 5,
1306 1222 1347 1261 5.

419 1305 564 1341 Faciem
602 1305 797 1353 pulcram!
845 1306 948 1341 doleo
991 1318 1115 1341 omnes
1155 1306 1284 1340 dehinc
1317 1319 1361 1340 ex
1403 1308 1527 1342 animo
1568 1320 1644 1342 mu-

1087 1362 1203 1396 lieres.
1266 1360 1321 1398 H·

189 1439 305 1477 Mihi
334 1436 446 1479 Voff.
483 1455 516 1480 1.
548 1449 586 1487 3.
631 1439 735 1478 Ask.
803 1437 864 1477 Ac
906 1436 1126 1493 legebatur
1172 1437 1228 1476 ita
1258 1438 1357 1478 inde
1391 1453 1413 1477 a
1444 1437 1644 1493 Cyllenio

191 1506 233 1534 et
264 1494 376 1535 Aldo
408 1495 452 1534 in
482 1496 743 1536 editionibus
774 1509 910 1550 usque
941 1494 995 1534 ad
1026 1494 1299 1549 Scaligerum.
1361 1497 1434 1535 W.

301 1618 341 1655 5.
382 1615 540 1649 utinam
568 1609 724 1663 pqffis]
769 1609 848 1648 hoc
878 1607 1071 1648 Broukh.
1102 1622 1154 1648 ex
1186 1607 1480 1648 emendatione
1510 1608 1644 1649 Hein-

190 1665 235 1704 fii
267 1676 310 1705 et
339 1666 458 1705 libris
492 1667 696 1706 correxit:
737 1666 790 1705 sic
822 1676 864 1705 et
894 1665 974 1705 Ed.
1003 1667 1125 1705 Rom.
1158 1680 1250 1705 cum
1285 1666 1390 1705 Ven.
1422 1676 1464 1706 et
1495 1666 1642 1706 Guelf.

194 1739 227 1761 1.
263 1732 303 1772 4.
364 1724 527 1777 Vulgo,
562 1726 705 1776 pqffes,
787 1722 999 1776 Exprimit
1029 1736 1129 1761 vero
1161 1721 1230 1761 hic
1273 1722 1491 1762 belliffime
1530 1723 1645 1778 inge-

189 1781 307 1816 nium
341 1780 538 1818 amatoris
571 1779 861 1819 meticulosum
894 1789 935 1817 et
965 1777 1258 1831 suspiciosum,
1314 1780 1386 1833 qui
1419 1779 1557 1818 uritur
1588 1780 1642 1818 ri-

189 1836 347 1875 valium
393 1836 609 1875 invidiolis
641 1835 837 1874 laudibus
870 1838 1039 1888 puellae
1085 1833 1193 1873 suae.
1264 1835 1468 1876 Verl'atile
1500 1847 1642 1876 autem

187 1903 227 1931 et
271 1892 429 1931 varium
464 1892 612 1932 horum
649 1892 866 1931 hominum
906 1891 1120 1945 ingenium
1152 1890 1230 1938 est,
1281 1893 1460 1932 maxime
1493 1893 1537 1931 in
1571 1908 1642 1932 vo-

183 1949 238 1987 tis
274 1963 382 2002 quae
426 1950 600 1988 faciunt.
684 1949 891 2002 Adeoque
929 1948 1011 1986 hoc
1053 1962 1137 1986 non
1178 1947 1362 1986 alienum
1399 1947 1479 1997 est,
1525 1948 1640 2002 quod

186 2008 371 2058 puellam
411 2005 523 2045 solus
567 2006 745 2052 habere,
799 2017 864 2055 et,
917 2020 968 2044 ne
1000 2005 1106 2043 alius
1139 2003 1212 2043 suo
1245 2005 1374 2043 amori
1405 2004 1638 2053 infidietur.

186 2075 275 2101 eam
308 2061 380 2099 fibi
411 2062 489 2101 soli
520 2065 687 2117 placere
720 2063 862 2116 cupit;
906 2061 979 2101 etsi
1008 2060 1119 2100 idem
1149 2063 1318 2114 puellae
1346 2061 1523 2100 formam
1555 2075 1640 2100 om-

187 2118 312 2157 nibus
348 2119 564 2171 probatam
600 2119 683 2159 ess'e
716 2119 830 2159 velit.
906 2117 1095 2157 Broukh.
1136 2132 1230 2156 cum
1272 2117 1365 2156 aliis
1402 2119 1447 2156 in
1478 2118 1542 2157 his
1575 2132 1638 2158 re—

185 2174 502 2228 prehendendis
544 2176 715 2215 videtur
754 2178 900 2229 paullo
932 2173 1143 2213 morosior.
1214 2174 1475 2214 Sententiam
1506 2175 1634 2213 etiam

183 2231 277 2270 aliis
308 2233 446 2285 poetis
487 2231 796 2286 frequentatam
829 2232 972 2286 paffim
1014 2231 1199 2270 memini.
1272 2231 1457 2286 Vulpius
1487 2230 1635 2271 lauda·

181 2287 252 2327 bat
284 2289 428 2343 Epigr.
462 2287 715 2328 Callimachi
748 2298 814 2336 51.

337 2388 463 2428 Καλὸς
488 2386 507 2422 ὁ
532 2388 636 2429 παῖς,
667 2388 822 2430 'Alth-32.
861 2389 939 2432 λίην
961 2388 1083 2428 καλός·
1109 2385 1194 2423 οὐδέ
1213 2399 1267 2427 τις
1295 2382 1376 2431 οὗχὶ

405 2450 531 2490 Φησίν·
558 2443 772 2488 ἐπισταίμην
795 2446 927 2490 μοῦνος
951 2443 1020 2491 ἐγὼ
1048 2444 1094 2479 τὰ
1119 2442 1224 2479 καλά.

179 2538 262 2578 Sed
294 2539 337 2577 in
368 2553 415 2578 ea
450 2539 576 2578 lectio
609 2536 868 2577 emendatior
899 2539 1020 2578 aliter
1051 2536 1092 2576 se
1123 2536 1271 2576 habet:
1317 2537 1352 2578 εἰ
1383 2533 1429 2577 δέ
1457 2552 1517 2584 τις
1542 2533 1635 2592 οὐχὶ

177 2596 326 2649 φησίν,
369 2595 485 2649 quod
521 2596 548 2633 fi
581 2595 674 2649 quis
710 2605 837 2648 neget
867 2594 971 2640 hoc;
1014 2593 1170 2633 habeat
1198 2592 1295 2631 fibi:
1338 2602 1380 2632 et
1410 2607 1488 2648 ego
1510 2591 1631 2633 ‚sokun

181 2653 298 2691 fruar
339 2666 388 2692 eo
432 2652 548 2707 quod
588 2654 781 2706 pulcrum
823 2649 891 2691 est.
922 2651 978 2691 H.
1045 2653 1178 2700 Poffis
1208 2649 1343 2693 etiam
1372 2646 1632 2744 inl'v‘fssffiffl·

1541 2719 1626 2744 ern.
