1722 2919
203 94 288 142 580
523 91 909 134 OBSERVAT.
956 93 1031 134 IN
1073 91 1369 133 TIBVLLI

206 225 230 250 e
255 207 338 247 suis
366 207 597 248 distichon:
635 210 717 247 Nil
744 223 842 259 opus
863 230 919 239 ·——
945 206 1035 261 post
1068 210 1268 247 alterum:
1301 206 1458 247 Phoebe
1481 225 1535 234 —
1558 203 1658 260 legi,

207 265 346 305 addit:
393 266 544 320 Itaque
585 264 788 320 legendos
822 276 863 305 et
895 265 976 303 hoc
1005 267 1099 303 loco
1129 275 1233 318 puto
1266 264 1385 304 simul
1415 260 1658 315 ponendos;

205 324 454 369 Plzoebe-—‚
487 326 579 362 lam
609 322 756 361 celeber
774 344 826 351 —
855 326 955 361 Tum
982 331 1019 358 le.
1034 322 1217 372 felicem.
1279 323 1377 361 Non
1404 318 1510 357 dixit
1536 317 1662 356 difer-

206 380 260 418 tis
287 379 442 427 verbis,
475 378 700 419 distichon:
733 381 815 418 Nil
837 394 935 426 opus
957 388 1053 417 ante
1075 377 1301 416 distichon:
1336 377 1556 416 Phoehe—
1577 376 1660 415 001-

205 435 432 476 locandum
455 435 560 483 effe,
594 436 709 490 quod
729 436 904 475 tradidit
924 433 1029 473 falso
1051 434 1353 474 Broukhufius.
1415 434 1489 472 W.

327 513 388 551 15.
430 520 510 544 non
539 505 677 544 laedit,
711 504 856 544 Guelf.
889 510 926 552 4.
958 518 1039 541 non
1068 505 1194 550 laestt.

329 575 391 613 16.
447 577 509 612 Τιι
539 576 654 610 morlo
675 574 836 624 semper
865 572 989 619 ama]
1041 570 1222 609 Videtur
1252 567 1298 611 τὸ
1321 573 1480 623 semper
1509 568 1562 608 ad
1589 581 1662 607 no·

205 631 332 674 strum
354 630 514 670 sensum
537 632 682 684 paullo
709 629 864 667 ieiunis
886 628 1064 682 positum
1089 627 1194 675 effe,
1226 641 1302 681 pio
1325 627 1570 666 constanter.

325 713 389 751 19.
420 701 479 737 At
497 714 615 737 nunc.
676 697 829 735 Malim
851 699 907 736 Et
926 712 1055 735 nune:
1089 695 1228 734 Etiam
1253 710 1364 734 nunc
1388 695 1460 733 illa
1481 704 1568 732 tota
1590 704 1663 732 tua

210 757 288 803 est;
323 766 395 795 aut
417 757 480 794 Ac
504 771 631 801 nunc,
665 753 778 808 quod
802 763 844 792 et
863 753 905 791 in
929 753 1073 792 Guelf.
1093 763 1133 800 3.
1153 752 1321 807 legitur.
1382 753 1464 790 Pro
1485 752 1666 789 candida

207 813 354 854 Heius.
399 811 655 851 coniiciebat
699 812 921 862 langmjda,
980 809 1078 849 [atis
1120 808 1334 864 languide.
1415 809 1496 847 Pro
1528 810 1666 861 secam

207 871 349 910 Laud.
368 871 539 921 semper.
583 869 636 908 H.
709 870 769 906 At
810 868 934 906 unice
974 881 1134 905 verum.
1207 867 1409 919 OppoIita
1438 865 1543 903 haec
1572 864 1668 902 [unt

208 927 313 967 vers.
350 926 541 965 anteced.
601 926 756 979 Neque
793 926 973 962 eandida
1004 922 1272 970 mutandum,
1323 923 1482 976 quippe
1513 922 1667 976 aptiffi·

208 1000 322 1025 mum
362 983 607 1022 sententiae,
690 981 893 1021 Similiter
918 985 1096 1021 violenta
1124 981 1166 1034 I,
1200 980 1249 1030 6,
1287 988 1354 1029 47.
1395 978 1505 1018 Add.
1549 979 1665 1037 Virg.

207 1045 314 1083 Aen.
351 1048 400 1089 4,
433 1042 528 1090 496.
592 1041 663 1078 W.

325 1122 391 1147 20.
431 1119 464 1147 et
484 1109 653 1160 frastra
679 1108 846 1145 credula
875 1109 990 1144 larba
1013 1107 1159 1157 sedet]
1212 1105 1435 1158 Cyllenius
1465 1107 1523 1144 ita
1558 1119 1668 1144 com·

208 1176 443 1205 mentatur:
476 1174 568 1203 (mle
600 1175 735 1203 torma
748 1169 837 1212 flat
867 1167 932 1201 vel
953 1174 1045 1201 ante
1062 1165 1182 1214 fores
1207 1165 1379 1202 neelami.
1441 1161 1668 1201 Broukhu·

209 1223 316 1271 Iius,
366 1222 545 1261 Statium
576 1221 802 1275 sequutuS,
846 1220 895 1259 de
924 1219 1162 1258 amantibus
1192 1220 1305 1258 fores
1336 1234 1382 1258 ac
1413 1219 1542 1258 limen
1564 1216 1666 1257 obfi-

211 1279 409 1319 dentibus
446 1279 622 1331 accipit,
662 1288 709 1315 nt
738 1279 772 1323 l,
808 1291 841 1325 1,
872 1279 939 1324 56.

442 1360 497 1394 Et
520 1359 634 1408 sedeo
666 1358 776 1393 duras
807 1359 947 1392 ίαηῐιοι·
979 1366 1066 1391 ante
1089 1355 1207 1403 fores.

210 1440 267 1478 Et
297 1437 400 1477 solet
425 1438 479 1476 ita
507 1436 548 1474 id
571 1435 792 1475 hominum
824 1448 958 1489 genus
988 1433 1181 1488 inprimis
1213 1442 1458 1487 aegrotante
1487 1430 1669 1471 domina.

213 1494 341 1536 Ovid.
378 1494 504 1550 Epist.
535 1507 612 1541 20,
659 1503 751 1544 129.

386 1568 446 1602 Ne
478 1575 597 1600 tamen
628 1567 818 1611 ignorem,
862 1562 951 1610 quid
982 1575 1091 1609 agas,
1133 1561 1182 1595 ad
1213 1560 1342 1595 limina
1373 1560 1495 1595 crebro

445 1624 587 1659 Anxius
618 1622 683 1655 Ῐιιισ
715 1620 798 1654 illuc
830 1618 1098 1668 dissimulanter
1127 1630 1181 1654 80.

213 1700 297 1742 Sed
332 1699 483 1738 durum
517 1697 572 1737 est
601 1708 694 1736 anle
711 1698 830 1748 sores
859 1706 975 1735 extra
1009 1695 1242 1734 orationem
1273 1698 1424 1745 poetae
1451 1689 1666 1731 assumere.

212 1757 398 1809 Vulpius
433 1755 485 1794 de
516 1754 752 1792 amantibus
784 1755 825 1791 in
857 1753 1029 1791 deorum
1063 1751 1236 1790 aedibus
1268 1749 1509 1788 [edentibus
1531 1759 1571 1788 et
1593 1763 1668 1801 pro

215 1813 384 1853 domina
421 1822 517 1850 vota
547 1810 800 1848 facientibus
832 1809 1052 1863 iutelligit,
1097 1817 1143 1845 ut
1178 1806 1264 1858 11η),
1292 1808 1324 1853 I,
1364 1817 1399 1851 3,
1428 1816 1493 1852 30.
1553 1805 1671 1844 Mihi

214 1870 442 1910 videbatur
484 1866 917 1906 convenientiffimum
953 1864 1034 1903 offe
1065 1863 1115 1903 de
1144 1863 1264 1901 turba
1299 1873 1529 1900 amatorum
1564 1861 1668 1899 acci-

214 1941 339 1982 pere,
376 1927 448 1980 qui
479 1938 626 1977 aegrae
662 1926 829 1977 puellae
857 1922 1013 1960 affiduo
1042 1919 1201 1974 praesto
1226 1918 1330 1958 sunt.
1393 1917 1518 1957 Ovid.
1540 1915 1667 1971 Epist.

215 1995 292 2034 21,
333 1997 421 2035 ιρι.
458 1982 508 2020 de
541 1980 688 2034 sponso
723 1980 962 2033 Cydippes:

389 2063 529 2112 Affizlet
561 2063 622 2097 ille
652 2063 820 2111 quidem.
863 2070 1039 2109 quantum
1068 2059 1293 2107 permistitur
1325 2056 1403 2102 ipfi.

216 2141 271 2182 cf.
307 2138 435 2193 Epist.
462 2152 527 2185 20,
558 2146 644 2187 1²34.
707 2138 859 2176 Solent·
882 2137 993 2176 enim
1024 2135 1098 2173 sub
1131 2132 1258 2172 officii
1291 2132 1459 2171 nomine
1489 2128 1669 2168 invisere

216 2206 483 2252 aegrotantes
507 2205 710 2233 amatores
735 2204 773 2232 et
795 2199 903 2233 lecto
926 2192 1109 2231 affidere.
1132 2192 1296 2229 credula
1317 2191 1435 2228 turba
1455 2185 1523 2235 est,
1562 2199 1670 2239 quae

217 2255 259 2295 se
283 2253 414 2293 credit
438 2252 565 2290 amari
590 2265 609 2289 a
635 2254 800 2304 puella;
835 2250 904 2289 [ed
929 2265 980 2288 ex
1007 2249 1119 2287 omni
1143 2258 1260 2302 parte
1284 2250 1445 2301 placet,
1479 2242 1590 2298 quod
1616 2240 1671 2281 est

216 2312 261 2352 in
296 2310 456 2364 optimo
493 2308 724 2355 &Vittiano,
760 2307 924 2345 (luobus
963 2306 1125 2360 Anglic.
1158 2314 1199 2343 et
1228 2319 1312 2341 uno
1347 2301 1493 2350 Statii,
1526 2300 1673 2351 sedala

216 2368 360 2414 turba,
394 2364 506 2420 quod
540 2365 649 2403 belle
681 2365 876 2416 exprimit
909 2361 1132 2402 officiosam
1160 2375 1351 2414 operam,
1384 2356 1604 2398 sollicitam
1630 2364 1672 2394 et

217 2425 340 2478 saepe
382 2425 566 2476 ineptam
610 2434 746 2459 curam
768 2453 776 2467 ‚
842 2419 1240 2463 discm-fitationem,
1298 2415 1412 2456 varia
1454 2412 1671 2452 molimina

219 2480 469 2526 amantium,
503 2479 600 2516 <lum
632 2475 858 2514 ministrant
890 2476 1187 2521 medicamina,
1219 2473 1396 2528 stragula
1429 2470 1670 2515 admove-nt,

219 2536 425 2592 effingunt
450 2549 594 2573 manus
618 2537 685 2573 vel
709 2533 877 2588 digitos,
907 2542 1069 2571 tentant
1093 2531 1306 2570 salientem
1330 2528 1483 2581 pollice
1505 2538 1668 2572 venam,

220 2605 263 2633 et
283 2595 377 2632 alia.
442 2594 490 2631 In
523 2591 595 2630 led.
630 2592 750 2628 Rom.
776 2593 953 2641 garrula
985 2589 1102 2628 turba
1130 2585 1314 2641 exprelsa
1346 2583 1411 2623 est.
1470 2579 1606 2621 Potest
1630 2589 1674 2618 et

220 2649 302 2692 hoc
323 2653 464 2691 locum
487 2649 642 2689 habere
663 2648 707 2688 in
729 2660 828 2688 vera
852 2646 1070 2686 hominum
1090 2645 1199 2689 vita;
1232 2657 1317 2683 non
1344 2654 1446 2683 vero
1469 2639 1513 2679 in
1532 2641 1672 2691 poeta.

1593 2693 1676 2732 Pro
