1722 2919
161 146 246 194 528
478 143 861 188 OBSERVAT.
900 144 977 186 IN
1003 143 1306 185 TIBVLLI

166 274 288 321 gatur
317 275 411 300 cum
440 265 608 301 nomine.
638 260 692 301 H.
752 265 910 300 nomine
939 272 1157 313 perperam
1187 257 1313 295 etiam
1333 256 1377 295 in
1399 258 1490 296 ZW.
1515 270 1548 294 ι.
1571 265 1609 296 2.

167 330 211 360 et
248 323 290 357 in
331 331 472 372 apogr.
513 320 571 358 H.
604 317 714 358 Voss.
747 329 795 358 ut
826 317 977 356 Hamb.
1018 317 1076 355 At
1097 316 1250 366 -sea‘,
1285 313 1382 352 vide
1414 311 1463 352 ad
1494 314 1543 352 T.
1572 312 1610 361 Ῐ,

166 386 216 424 5,
251 388 315 414 20.
348 374 463 415 Obff.
503 398 556 405 -
597 375 822 415 Caeterum
862 388 948 413 non
987 372 1250 411 satisfaciunt
1294 384 1403 425 quae
1442 368 1611 422 Lipsius

165 436 350 474 Elector.
379 433 414 471 I.
449 446 483 472 c.
519 443 585 483 29.
619 432 860 487 disputavit.
935 433 997 469 Ac
1030 432 1173 468 vultus
1205 427 1376 482 quidem
1411 426 1614 464 maiorum

168 504 263 530 cera
287 489 462 542 expreffi
485 493 628 542 quales
659 490 835 536 fuerint,
869 487 991 526 docet
1011 487 1056 524 in
1077 485 1221 538 primis
1247 483 1451 536 Polybius
1474 481 1549 520 lib.
1570 482 1611 529 6,

169 562 259 600 cap.
290 554 358 591 53.
392 556 434 584 et
465 544 718 585 doctissimus
750 545 841 584 eius
875 544 1012 583 editor
1042 539 1468 595 Schweighaeuserus
1499 540 1548 577 T.
1574 540 1614 578 6.

167 618 209 657 p.
239 613 335 654 592.
365 598 449 657 seq.
524 603 590 641 Ab
622 603 687 642 his
716 604 842 655 plane
883 598 1043 639 diversa
1078 597 1300 637 stemmata.
1332 597 1440 636 Plin.
1473 596 1525 634 H.
1558 594 1615 635 N.

166 663 196 701 l.
230 668 308 708 55,
342 672 401 700 2.:
448 659 616 713 „Apud
657 659 837 697 maiores
879 658 922 696 in
963 655 1079 695 atriis
1121 654 1296 707 expreffi
1339 667 1430 692 cera
1469 655 1616 692 vultus

166 717 338 772 lingulis
384 714 711 770 disponebantur
749 714 961 763 armariis,
1016 722 1066 751 ut
1106 710 1238 751 essent
1268 710 1472 764 imagines
1509 721 1617 763 quae

170 774 471 813 comitarentur
510 772 719 827 gentilitia
759 772 924 810 funera.
1003 773 1228 809 Stemmata
1258 781 1349 806 vero
1380 769 1499 805 lineis
1529 767 1617 804 dis-

169 830 383 870 currebant
420 830 477 868 ad
511 832 709 881 imagines
730 831 922 879 pictas.“
980 826 1090 866 Add.
1121 826 1264 865 Senec.
1294 823 1332 862 d.
1365 822 1507 862 benef.
1526 824 1555 861 l.
1578 829 1616 867 3.

169 902 204 926 c.
239 895 324 934 28st
360 886 492 940 „Qui
522 886 725 940 imagines
758 885 802 924 in
834 883 942 925 atrio
973 892 1196 937 exponunt
1227 891 1269 920 et
1299 879 1468 919 nomina
1500 879 1619 917 fami-

167 943 252 983 liae
285 942 380 982 suae
408 946 537 999 longo
568 940 717 983 ordine
754 957 802 981 ac
833 944 970 980 maltis
995 945 1261 990 stemmatum
1290 939 1458 988 illigata
1475 938 1618 988 flexu-

168 1004 226 1040 ris
260 1001 301 1039 in
334 1010 452 1053 parte
481 1001 614 1054 prima
647 999 814 1039 aedium
847 1001 1059 1037 collocant
1088 1000 1233 1036 caet.“
1294 996 1366 1033 W.

284 1059 350 1104 36.
392 1060 525 1097 rinc-to
546 1057 678 1108 pede]
720 1056 793 1095 alii
821 1059 972 1095 iam-to.
1001 1055 1135 1093 Male.
1165 1069 1203 1093 v.
1234 1050 1286 1090 ad
1317 1052 1354 1100 I,
1389 1065 1423 1099 ι,
1455 1050 1523 1099 64.
1564 1048 1621 1088 Η.

169 1114 328 1154 Verba:
375 1119 518 1166 quique
550 1123 695 1153 canent
722 1117 855 1152 vinc-to
880 1121 980 1164 pede
1008 1115 1152 1165 quique
1177 1111 1338 1161 solato,
1389 1107 1623 1146 subiectum

170 1171 390 1210 continent
429 1171 547 1210 verbi
588 1174 844 1216 conventum&
894 1168 1046 1208 deinde
1077 1169 1119 1206 in
1150 1166 1239 1205 his:
1292 1168 1431 1214 cupidi
1459 1177 1623 1215 compo·-

170 1243 261 1266 ηενρ.
283 1228 439 1274 laudes,
468 1228 589 1266 caula
612 1227 682 1276 est,
715 1240 787 1266 cur
810 1226 995 1265 veniant.
1054 1226 1278 1276 Perperam
1303 1216 1432 1276 igitur
1455 1222 1510 1260 H.
1529 1217 1625 1258 Vos·

170 1284 251 1323 Iius
283 1294 435 1323 ccclztmt
466 1286 637 1338 recepit.
669 1306 725 1314 --
764 1283 898 1322 Zwic.
930 1291 1093 1321 canunt.
1126 1283 1440 1330 conveniuntque
1470 1275 1624 1314 Hamb.

171 1340 224 1379 id.
259 1345 397 1380 iam—10
421 1342 538 1391 pede.
594 1341 718 1380 Bern.
753 1340 933 1392 pedeque
961 1339 1046 1377 fine
1071 1341 1229 1391 quique.
1262 1350 1334 1375 un.
1364 1331 1476 1376 Voss.
1511 1336 1623 1386 qais-

171 1413 256 1450 (μοι).
319 1399 390 1436 W.

292 1465 357 1501 37.
402 1455 502 1504 Quis
525 1456 682 1504 potior,
724 1461 924 1490 certamen
954 1454 1053 1499 erit]
1096 1453 1239 1489 Polior
1267 1447 1321 1487 fc.
1355 1449 1398 1486 in
1431 1446 1626 1488 carmine.

175 1509 244 1550 Sic
263 1511 452 1550 Broukh.
475 1524 497 1550 e
517 1511 658 1550 libris:
692 1509 745 1549 fic
773 1519 815 1548 et
846 1509 1023 1563 Regius,
1058 1506 1202 1545 Guelf.
1220 1516 1258 1553 5.
1283 1520 1377 1544 cum
1397 1504 1476 1545 Ed.
1500 1505 1626 1542 Rom.

175 1568 341 1622 Vulgo:
389 1570 490 1618 Quis
519 1573 671 1619 potius.
701 1577 744 1606 at
774 1565 868 1605 Ald.
901 1566 979 1606 sec.
1016 1565 1139 1615 Queis
1161 1567 1323 1615 potin.s·‚·
1365 1561 1503 1616 sicque
1534 1559 1627 1598 Sca-

174 1624 295 1679 liger.
357 1626 510 1680 Itaque
550 1625 675 1665 etiam
714 1623 886 1662 Corvin.
945 1620 1117 1662 Deinde
1149 1619 1227 1659 Ed.
1261 1621 1382 1658 Rom.
1416 1632 1510 1657 cum
1542 1630 1628 1655 uno

174 1680 370 1722 Broukh.
402 1693 444 1721 et
474 1697 560 1721 uno
593 1680 726 1720 Gebh.
756 1689 956 1719 certamen
985 1683 1076 1718 eris.
1155 1676 1272 1716 Ferri
1303 1674 1460 1730 pollet,
1509 1673 1540 1713 fi
1569 1671 1628 1712 es·

176 1736 260 1776 set:
306 1740 427 1788 Quec‘s
462 1753 658 1792 magnwn
688 1748 888 1776 certamen
918 1740 1007 1776 eris.
1065 1735 1216 1775 Paullo
1248 1734 1372 1772 aliter
1402 1746 1450 1771 ac
1477 1731 1523 1770 in
1550 1731 1627 1770 illo

176 1793 369 1850 Virgilii:

348 1864 403 1900 Et
433 1874 612 1899 certamen
642 1874 722 1899 erat
754 1864 933 1912 Corydon
959 1876 1037 1898 cum
1072 1860 1254 1912 Thyrside
1286 1873 1476 1906 magnum.

177 1939 329 1978 Paullo
362 1939 450 1993 post
483 1955 558 1994 pro
590 1944 716 1980 victor
745 1940 933 1980 eruditus
969 1939 1192 1978 Britannus
1231 1937 1430 1988 (Jortin)
1461 1936 1505 1974 in
1542 1933 1629 1974 Mi-

179 1994 294 2036 scell.
325 1996 425 2036 Obs.
461 1999 480 2035 X
499 2000 551 2036 ol.
584 1999 638 2037 11.
685 2013 725 2052 p.
757 2007 850 2048 247.
881 1997 1064 2037 malebat
1092 1999 1236 2042 victas,
1266 2005 1380 2035 recte
1408 1990 1632 2046 reprehen-

179 2049 246 2092 sus
277 2066 300 2091 a
333 2054 519 2094 Batavis.

295 2130 362 2169 38.
402 2123 482 2161 Un.
531 2121 642 2161 Voff.
673 2133 732 2170 et,
776 2137 847 2162 un.
879 2121 1121 2175 adscribam.
1182 2122 1256 2158 W.

295 2197 364 2237 39.
417 2192 530 2228 AVam
566 2195 655 2243 qais
690 2201 728 2230 te
765 2196 924 2229 maiora
958 2195 1067 2240 gerit
1103 2193 1292 2237 castri-we
1325 2182 1503 2238 Jorove]
1564 2183 1632 2224 Ita
1652 2191 1659 2196 ”
1720 2189 1722 2194 ’

181 2245 377 2285 universe
418 2246 468 2285 ‹le
502 2259 625 2301 gente
666 2250 834 2288 Valeria
867 2259 1011 2286 auctor
1042 2245 1289 2300 panegyrici
1319 2245 1364 2282 in
1393 2240 1628 2289 Meffalam,

183 2303 228 2342 iu
261 2302 465 2342 catalect.
503 2304 612 2359 x'irg.
644 2313 710 2355 4⁶).
752 2319 792 2357 p.
833 2315 923 2355 193.

357 2383 483 2434 Castra
506 2383 598 2432 foro
624 2385 781 2433 solitos,
825 2388 904 2421 urbi
935 2399 1160 2435 praeponere
1191 2381 1309 2432 castra
1339 2391 1408 2417 ete.

186 2474 304 2512 Nam
339 2476 430 2526 quis
468 2483 506 2512 te
544 2471 728 2527 Scaliger
760 2489 811 2513 ex
844 2475 990 2513 Cuiac.
1029 2472 1236 2528 reposuit3
1291 2473 1420 2524 vulgo
1452 2466 1628 2522 legitur:

192 2531 370 2583 Quisque
400 2531 486 2570 tihi.
552 2529 602 2569 In
628 2531 869 2579 nonnullis,
921 2542 968 2569 ut
1003 2531 1045 2568 in
1076 2532 1234 2583 Regio,
1289 2530 1387 2578 Quis
1417 2526 1491 2563 nbi
1520 2537 1628 2568 nam,

186 2589 257 2626 vel
299 2592 405 2634 iam,
463 2588 564 2638 Quis
602 2589 670 2625 vel
718 2590 799 2637 Qud
840 2599 874 2626 le
912 2603 1028 2634 ιιαηι,
1082 2590 1217 2637 (Quis
1250 2596 1285 2624 te
1314 2587 1398 2622 iam
1428 2581 1630 2628 Corvin.)

187 2642 253 2681 Ed
310 2646 431 2684 Rom.
474 2647 564 2684 Areo
601 2648 838 2697 quisquam,
900 2654 944 2682 ut
987 2644 1132 2683 Doula
1171 2640 1431 2682 emendabat.
1508 2637 1632 2691 Quae

188 2699 329 2741 omnia
361 2701 462 2742 inde
499 2711 620 2753 nata,
673 2699 787 2757 quod
817 2701 950 2755 prima
983 2715 1088 2753 vox,
1142 2715 1261 2746 utun,
1306 2695 1544 2742 exciderat,
1585 2700 1634 2729 ut

1546 2761 1633 2786 non
