1722 2919
215 116 293 158 216
519 109 905 153 OBSERVAT.
945 108 1018 150 IN
1062 105 1368 148 TIBVLLI

214 233 348 271 Eurus
379 241 445 267 res
477 226 529 266 ab
560 226 666 265 urbe
696 224 748 263 in
774 223 994 264 Orientem
1018 232 1189 276 portare
1223 219 1448 274 nequiret,
1484 221 1665 259 Caurus-

213 304 286 342 que
310 284 483 338 recepit.
544 285 602 323 At
623 285 755 322 Notus
784 280 894 320 illud
923 294 1008 318 non
1033 278 1165 334 magis
1192 275 1357 317 efficere
1386 276 1535 331 potest,
1589 278 1667 317 Ac·

213 344 326 384 cedit
346 341 463 396 quod
483 344 616 382 Notus
637 349 680 378 et
699 342 837 379 Eurus
856 350 932 392 pro
954 336 1092 376 ventis
1113 332 1503 375 vehementioribus
1525 347 1546 373 a
1568 338 1668 387 poe·

215 403 267 442 tis
293 399 481 452 usurpati
505 397 587 438 effe
608 395 821 436 videntur.
882 392 1011 448 Apud
1035 392 1158 445 Virg.
1184 393 1292 430 Aen.
1316 391 1352 441 I,
1385 398 1484 439 575.
1521 390 1667 430 Dido:

213 463 351 510 Atque
373 459 532 496 utinam
558 470 629 493 rex
654 456 763 505 ipse,
796 453 906 491 IVolo
937 446 1161 502 compulsas
1193 449 1352 495 eodem,
1382 449 1558 499 Adsbret
1581 449 1669 486 Ae·-

214 531 324 554 neas.
386 513 516 566 Quis,
562 509 739 566 quaeso,
780 509 824 546 in
856 508 961 546 mari
992 505 1306 545 mediterraneo
1340 507 1571 560 navigans,
1616 502 1670 542 ad

214 574 339 612 litora
381 570 550 608 Africae
595 570 703 606 Nolo
748 564 973 605 defertur?
1035 563 1240 617 Denique
1280 576 1423 616 apogr.
1452 558 1507 599 H.
1538 560 1669 601 Voffii

217 627 356 668 omnia
390 642 483 665 cum
513 625 648 664 Zwic.
687 638 721 660 1.
752 636 787 662 2.
840 623 1000 660 Guarn.
1029 618 1158 659 Paris.
1191 630 1234 659 et
1266 619 1421 658 Venet.
1452 621 1669 673 vulgatam

215 690 350 726 Eurus
376 683 626 722 defendunt.
662 678 818 718 Caurus
842 688 983 717 autem
1006 677 1056 716 ab
1076 677 1144 725 iis,
1168 675 1242 730 qui
1265 686 1485 730 poetarum
1510 688 1670 714 morem

217 745 288 783 vel
318 738 622 795 negligentiam
647 736 907 791 perspectam
932 749 1019 773 non
1042 733 1277 779 habebant,
1309 730 1576 771 substitutum
1600 729 1668 770 est.

214 799 324 840 Loci
356 795 572 836 Iuvenalis
605 794 734 840 XIV,
769 795 864 838 267.
911 792 1046 842 Quam
1076 800 1144 837 ta,
1200 792 1372 840 Corycia
1399 790 1562 842 semper
1601 792 1673 841 qui

208 871 347 910 puppe
369 857 541 892 Jrzcwarzsss
561 853 695 902 Atque
715 850 892 896 habitas,
929 850 1030 888 Coro
1043 849 1204 901 semper
1222 847 1419 885 tollendas
1441 855 1478 885 et
1496 848 1665 894 Austro,

216 915 297 953 alia
333 910 387 951 est
418 910 539 949 ratio.
591 907 721 947 Paris.
749 908 989 959 IVotlzusque
1022 914 1065 946 et
1094 907 1326 946 Armonios.
1376 902 1506 943 Goth.
1523 903 1673 957 sactae

215 985 292 1026 pro
312 974 454 1008 iactat.
513 967 588 1006 W.

333 1047 400 1086 57.
442 1036 609 1075 Vellem
629 1033 806 1088 utique,
837 1031 1031 1072 carminis
1051 1029 1282 1084 superioris
1301 1026 1561 1068 venustatem
1583 1041 1671 1066 non

217 1095 302 1136 effe
323 1093 648 1134 contaminatam
674 1089 802 1130 foeda
825 1089 1006 1138 lacinia,
1041 1101 1150 1142 quae
1182 1096 1341 1126 attexta
1367 1084 1435 1125 eft.
1493 1084 1670 1124 Senten-

216 1155 372 1193 tiarum
410 1162 549 1190 tamen
577 1147 681 1187 ordo
711 1162 758 1186 ac
788 1161 922 1186 nexus
955 1159 1042 1184 non
1077 1144 1249 1182 omniuo
1285 1141 1453 1190 versus,
1504 1142 1579 1196 qui
1608 1140 1670 1181 se-

218 1220 430 1264 quuntur,
462 1206 633 1260 respuit.
694 1204 884 1259 Scaliger
904 1217 990 1241 non
1011 1201 1138 1240 modo
1162 1214 1316 1238 novam
1339 1198 1529 1254 Elegiam
1551 1212 1671 1238 exor-

217 1267 285 1306 sus
311 1266 390 1307 est:
433 1268 564 1316 Saepe
590 1277 664 1314 ego
687 1272 765 1300 etc.
780 1293 791 1311 ,
823 1275 971 1299 verum
994 1259 1120 1298 etiam
1141 1255 1347 1310 superiori
1370 1255 1544 1294 carmini
1567 1266 1672 1295 atte-

216 1324 313 1363 xuit
334 1320 478 1362 versus
506 1335 558 1360 ex
587 1321 654 1358 El.
673 1319 731 1357 II.
765 1317 849 1356 huc
871 1325 1098 1362 retractos,
1131 1315 1204 1368 qui
1225 1311 1484 1352 molliffimae
1507 1312 1673 1368 elegiae

218 1381 399 1420 nitorem
431 1392 517 1417 non
544 1377 683 1415 minus
708 1373 943 1413 obscurant.
1005 1370 1134 1426 Quod
1160 1385 1234 1424 per
1260 1369 1398 1409 bonae
1421 1369 1592 1409 criticae
1611 1372 1672 1408 le-

217 1451 290 1492 ges
314 1437 454 1474 facere
475 1434 600 1481 licet,
642 1431 724 1470 hoc
746 1430 844 1469 feci.
904 1428 1083 1468 Seiunxi
1114 1426 1280 1474 versus,
1321 1435 1372 1465 ut
1403 1440 1541 1465 novae
1573 1427 1671 1464 Ele*

216 1495 312 1549 giae
342 1491 414 1531 seu
447 1490 640 1538 initium,
690 1487 787 1535 len,
839 1485 954 1540 quod
985 1484 1156 1524 credere
1190 1486 1322 1530 malo,
1362 1482 1668 1537 ·fragmentum.

216 1553 433 1589 Romanos
457 1557 596 1586 autem
619 1546 716 1583 illos
736 1559 758 1582 a
778 1543 1002 1582 Platonico
1023 1544 1094 1580 vel
1114 1537 1382 1578 Petrarchico
1407 1553 1548 1579 amore
1569 1538 1669 1578 satis

215 1607 378 1646 alienos
400 1603 549 1651 fuiffe‚
580 1605 650 1642 vel
674 1615 725 1639 ex
747 1600 788 1638 h.
812 1604 839 1638 1.
860 1600 987 1638 facile
1009 1599 1192 1652 quisque
1215 1596 1440 1651 intelligat.
1471 1595 1526 1635 H.
1559 1596 1670 1636 Cum

215 1662 369 1702 Albius
393 1659 445 1699 ad
468 1659 652 1698 animum
672 1657 828 1696 Deliae
853 1655 1109 1694 movendum
1131 1651 1371 1700 enarraffet‚
1403 1663 1670 1707 quantopere
1721 1693 1722 1704 χ

216 1718 270 1758 de
300 1719 373 1757 illa
406 1725 652 1771 aegrotante
682 1711 784 1752 esset
811 1713 1014 1759 meritus,
1055 1723 1248 1764 quasque
1280 1719 1369 1748 tum
1393 1709 1483 1764 spes
1508 1709 1561 1749 de
1581 1711 1668 1749 vita

215 1790 310 1815 cum
338 1777 435 1824 illa,
467 1772 645 1811 sanitate
664 1781 859 1823 recepta,
891 1767 1125 1808 l'uaviffime
1153 1765 1420 1821 transigenda
1456 1765 1668 1820 concepis-

214 1834 299 1881 l'et,
335 1831 434 1870 inde
458 1844 479 1869 a
503 1828 626 1869 versu
649 1837 702 1874 37
727 1850 773 1855 -
798 1836 881 1878 47„
915 1840 1000 1880 quo
1022 1823 1174 1863 amoris
1196 1822 1369 1862 vinculo
1390 1823 1516 1862 etiam
1538 1838 1665 1872 nunc,

213 1889 280 1928 his
314 1888 449 1933 falfis,
488 1886 674 1924 irretitus
705 1893 920 1930 teneatur,
971 1884 1197 1935 explanat,
1242 1878 1357 1933 quod
1392 1878 1446 1918 ad
1480 1883 1668 1934 puellam

213 1944 482 1985 alliciendam
514 1941 627 1981 haud
663 1941 928 1979 incommode
959 1948 1235 1978 memoratum
1268 1934 1375 1984 effe,
1420 1951 1560 1992 neque
1597 1937 1664 1984 iis,

215 2016 323 2056 quae
355 1998 682 2055 praemiserunt,
727 1996 958 2045 adversari,
1000 1993 1170 2034 dixeris.
1231 1993 1381 2047 Itaque
1407 1993 1519 2049 ligna
1549 1995 1664 2031 lacu·

212 2073 292 2098 nae
335 2061 484 2096 tollere
524 2070 608 2095 uon
651 2054 865 2097 dubitavi,
913 2067 998 2092 non
1031 2061 1220 2090 moratus
1254 2048 1503 2105 [iugularem
1547 2052 1665 2089 illam

212 2115 365 2154 amoris
402 2129 497 2168 erga
533 2113 704 2152 Deliam
745 2109 1075 2149 testificationem
1115 2117 1168 2157 59
1197 2129 1253 2137 --
1287 2114 1379 2154 424
1431 2121 1555 2162 quam
1589 2106 1661 2161 qui

210 2170 348 2211 abell'e
372 2172 574 2223 cupiunt,
609 2184 660 2208 ex
681 2168 826 2206 indole
852 2168 1003 2205 altiore
1027 2175 1068 2204 et
1091 2163 1354 2220 generosiore
1375 2177 1555 2203 amorem
1576 2165 1664 2202 Ro-

208 2241 427 2268 manorum
461 2226 688 2265 aestimant.
750 2224 1012 2263 Gofflenzius
1042 2220 1274 2269 iudicavit,
1318 2219 1462 2260 versus
1493 2223 1560 2269 56.
1591 2230 1661 2268 57.

210 2286 262 2325 ad
291 2283 453 2325 versum
482 2292 545 2329 ιε.
573 2282 745 2328 referri,
779 2295 799 2319 a
824 2295 907 2334 quo
928 2289 1080 2334 poeta,
1108 2276 1355 2330 interpofito
1380 2277 1495 2331 quasi
1524 2277 1662 2332 episo-

209 2343 281 2382 dio
310 2354 359 2393 19
380 2363 433 2370 -—-
453 2349 547 2389 34,
581 2336 834 2377 disceffiffct.
896 2339 969 2376 W.

322 2417 389 2458 37.
436 2404 662 2459 depellere]
715 2404 866 2443 Hamb.
899 2409 1103 2454 deponere.
1163 2409 1229 2448 33.
1261 2399 1372 2440 idem
1391 2401 1471 2453 ssd
1497 2414 1573 2454 pro
1603 2410 1660 2441 at.
1720 2415 1722 2427 ²

208 2466 301 2508 Post
334 2477 401 2518 59.
431 2463 544 2506 Voff.
567 2464 614 2503 B.
647 2477 697 2502 ex
731 2463 913 2500 carmine
945 2462 1060 2500 sexto
1093 2467 1149 2506 53
1172 2461 1311 2504 -36.
1337 2456 1527 2498 inseruit.
1568 2458 1643 2499 W.

322 2554 389 2599 40.
427 2545 674 2597 deseruitque
707 2544 871 2588 Venus]
915 2540 1030 2594 quod
1053 2538 1182 2579 Ovid.
1200 2536 1282 2577 III.
1305 2540 1399 2576 Am.
1419 2545 1462 2588 7,
1494 2545 1557 2585 ιδ.

431 2617 548 2652 Τιιοηι
568 2624 690 2648 tamen
713 2612 828 2646 veluti
851 2612 978 2657 gelida
1001 2625 1082 2645 mea
1105 2609 1266 2645 membra
1287 2611 1417 2650 cicuta,

486 2672 622 2718 Segnia
642 2667 866 2719 propositum
890 2665 1081 2712 destituere
1097 2665 1220 2716 suum.

1512 2715 1660 2759 atiam-
1716 2690 1722 2748 ἕ

1716 2753 1721 2791 ÷

1714 2802 1720 2919 i
