1722 2919
36 2531 37 2535 ,
91 2494 228 2535 Zwic.
273 2508 309 2534 ι.
358 2493 488 2534 Goth.
540 2504 584 2532 et

513 96 647 138 LIB.
676 95 738 136 11.
799 96 998 138 ELEG.
1032 96 1108 137 IV.
1458 96 1541 139 251

19 259 26 267 ἱ
79 215 263 254 fuerant.
326 210 481 254 Versus
515 222 580 260 77.
613 219 680 261 78.
711 210 875 250 alienos
907 220 949 250 et
972 225 993 249 a
1017 225 1081 250 me
1107 209 1254 250 haberi
1276 210 1359 250 iam
1381 209 1541 265 profes-

79 270 147 311 sus
178 270 280 310 sum.
348 269 507 309 Saltem
538 267 677 322 prior:
707 270 905 316 2Iwafi
939 270 1077 320 clausu
1108 283 1197 307 mea
1230 273 1310 318 est,
1342 271 1389 317 fi
1421 272 1542 320 copia

78 330 193 368 nulla
222 329 409 375 videndi,
455 341 477 365 a
509 328 618 364 mala
649 339 778 364 mauu
810 326 941 366 venit.

192 416 260 455 77.
291 409 337 455 fi
355 409 477 456 eopia
497 409 614 445 nulla
635 403 824 459 videndi]
864 403 1006 445 Nostri
1031 418 1122 442 cum
1148 403 1241 442 aliis
1263 419 1326 458 ap.
1347 403 1539 444 Broukh.

78 468 198 517 copia
232 479 355 503 rara:
407 474 449 503 et
489 463 595 502 haec
635 461 690 502 est
729 462 916 501 omnium
957 462 1162 501 librorum
1197 471 1239 500 et
1272 461 1367 502 edd.
1398 461 1541 500 lectio.

77 525 191 563 nulla
229 536 282 562 ex
314 519 517 575 Scaligeri
551 519 812 560 correctione
844 519 1107 574 profectum3
1161 517 1277 573 quod
1307 528 1348 557 et
1380 518 1465 572 ipse
1495 518 1539 556 in

79 581 154 620 tali
183 578 388 619 sententia
419 577 604 632 requiro.

191 667 258 707 78.
303 661 347 697 in
375 659 478 696 laxa
505 660 606 710 quid
634 660 749 696 iuvat
780 659 853 704 effe
885 657 1009 708 toga]
1059 654 1165 701 haec
1193 653 1289 693 sunt
1321 669 1373 693 ex
1402 668 1540 693 emen·

76 715 247 756 datione
266 714 431 756 Heinfii
459 725 626 770 recepta
655 729 676 753 8
702 714 895 753 Broukh.
918 717 991 762 effe
1011 718 1054 753 in
1072 723 1171 763 toga
1187 742 1197 759 ,
1231 722 1279 751 ut
1297 715 1368 761 effe
1387 715 1429 749 in
1456 714 1536 762 717-

74 777 172 822 rice,
206 777 250 813 in
284 774 401 820 Cois,
443 786 552 827 quae
574 771 695 825 saepe
726 770 839 824 apud
868 777 1016 825 poiitas
1046 779 1297 817 occurrunt,
1332 779 1374 808 et
1394 768 1539 821 pass'nu

74 829 280 870 illustrata
301 828 398 870 sunt
420 844 442 868 a
471 828 571 868 viris
597 827 756 874 doctiS,
788 843 826 867 v.
850 844 883 868 c.
906 828 957 867 ad
979 828 1130 867 Silium
1155 827 1214 873 II,
1247 836 1337 874 131.
1397 826 1540 879 Vulgo

76 889 255 942 legitur:
293 888 435 926 laxam
453 903 489 938 q.
509 889 538 926 ι’.
564 889 637 934 effe
658 889 830 936 togam?
868 888 923 927 H.
980 884 1091 924 Add.
1112 884 1249 924 Zwic.
1277 899 1310 923 1.
1336 895 1375 923 9..
1408 881 1539 922 Goth.

75 944 230 984 Ilamb.
263 943 380 999 quod
409 942 586 984 restitui.
645 943 719 981 W.

450 1069 933 1115 ELEGIA
1044 1068 1178 1113 IV.

197 1187 230 1211 1.
255 1174 341 1210 Hic
363 1169 545 1224 mihis]
570 1172 678 1225 Reg.
708 1180 751 1210 et
776 1169 952 1210 Corvin.
974 1170 1118 1210 Guelfi
1146 1186 1179 1210 ι.
1203 1182 1242 1209 2.
1268 1179 1306 1216 3.
1330 1181 1424 1206 cum
1445 1164 1538 1205 aliis

76 1233 161 1270 Sic.
222 1227 301 1268 Ed.
335 1226 450 1282 Lips.
479 1231 588 1275 Dic,
629 1237 679 1267 ut
710 1225 818 1267 solet
844 1228 887 1266 in
921 1227 1140 1267 vocabulis
1175 1224 1427 1266 initialibus.
1489 1223 1540 1261 In

77 1290 221 1342 vulgg.
256 1284 459 1339 scriptum
493 1296 583 1326 erat
612 1287 707 1333 Sic,
748 1299 887 1340 usque
920 1285 974 1324 ad
1007 1285 1159 1339 Scalig.
1192 1295 1236 1324 et
1269 1282 1398 1322 habet
1429 1278 1540 1319 illud

76 1343 344 1384 subitaneum
377 1342 607 1396 impetum,
648 1342 723 1396 qui
753 1356 839 1381 non
870 1342 1063 1397 ingratus
1095 1341 1166 1392 fit,
1197 1351 1246 1380 ut
1270 1339 1417 1378 dolore
1439 1336 1541 1376 taci-

77 1411 123 1441 to
155 1399 295 1439 victus
326 1404 452 1452 poeta
483 1398 656 1438 tandem
687 1398 732 1436 in
762 1398 892 1438 verba
922 1407 1129 1451 erumpat.
1189 1399 1300 1436 Tum
1331 1397 1368 1433 cl.
1389 1396 1542 1444 parari

76 1471 190 1497 unus
211 1455 403 1495 Broulsh.
425 1455 533 1494 alius
556 1458 595 1494 cl.
612 1464 841 1507 peractam.
872 1454 926 1493 H.
989 1458 1074 1493 Hic
1100 1453 1204 1493 dant
1229 1453 1419 1507 quinque
1441 1464 1541 1504 apo·

78 1512 239 1569 grapba
267 1514 322 1552 1-1.
352 1511 466 1552 Voss'.
498 1522 541 1552 et
566 1511 668 1551 [ext.
702 1526 724 1550 8
754 1512 874 1566 prim.
910 1526 1019 1550 man.
1056 1511 1298 1558 Hamb.fic.
1339 1512 1542 1548 Paratum

79 1573 188 1610 male
201 1570 468 1609 Burmannus
489 1568 793 1623 adl'ropert.I,
809 1583 849 1620 9,
874 1577 939 1615 25.
964 1568 1168 1624 intelligit
1189 1581 1296 1614 earn,
1319 1580 1429 1620 quae
1453 1577 1541 1603 uon

78 1629 233 1677 Iineret
261 1624 344 1667 effe
373 1641 558 1674 moram,
591 1626 619 1665 si
648 1625 742 1681 quis
776 1626 892 1666 adire
923 1629 1066 1666 vellet.
1128 1626 1240 1665 Nam
1263 1622 1462 1664 Nemelin
1488 1618 1544 1660 ad

80 1698 264 1724 amorem
285 1697 371 1723 non
393 1682 476 1724 effe
497 1694 710 1738 paratam,
742 1681 782 1722 id
807 1682 939 1738 ipsum
963 1682 1155 1737 queritur
1177 1680 1392 1719 Tibullus.
1438 1680 1540 1720 Sen-

82 1742 149 1783 sus
179 1741 264 1782 loci
293 1755 379 1781 non
412 1740 627 1781 obscurus.
688 1741 896 1798 Sprengel
925 1756 967 1795 p.
1002 1749 1091 1790 1⁷)ss-
1128 1737 1348 1779 emendat:

255 1824 363 1860 Heu!
408 1824 499 1860 mihi
529 1823 725 1873 servitium
760 1824 871 1859 vicleo
911 1824 1176 1870 dominamque
1217 1828 1388 1869 paratam

314 1880 395 1917 Iam
422 1881 512 1916 mihi
548 1881 731 1926 (libertas
762 1881 830 1916 illa
860 1890 1021 1930 paterna
1052 1878 1191 1927 valel)

253 1939 451 1975 Servitium
481 1938 575 1973 heu!
615 1934 714 1983 triste
744 1938 862 1973 datur.

84 2015 168 2062 Sed
195 2018 315 2055 nulla
344 2015 562 2056 neceffitas
587 2017 727 2054 locum
748 2011 967 2063 mutandi,
1003 2027 1081 2054 nec
1102 2011 1210 2052 folet
1231 2010 1433 2052 Tibullus
1458 2008 1548 2050 sen·

85 2073 240 2116 tentius
271 2073 353 2112 hoc
382 2071 508 2112 modo
541 2073 828 2126 interponere.
885 2072 958 2109 W.

197 2161 238 2203 4.
276 2155 416 2192 vincla
445 2155 614 2191 remittit
643 2148 804 2203 Amor]
855 2152 1024 2189 remittit
1049 2148 1276 2204 repositum
1313 2161 1337 2186 a
1368 2144 1546 2198 Vulpio,

88 2219 137 2250 ut
165 2213 385 2265 vulgatum
420 2219 510 2249 erat
539 2222 674 2262 usque
707 2205 761 2246 ad
793 2207 1067 2262 Scaligerum.
1130 2207 1187 2245 Et
1220 2204 1274 2243 sic
1305 2214 1407 2243 antt,
1438 2200 1546 2241 1··.‹ld.

89 2267 216 2307 etium
249 2269 370 2308 Rom.
403 2277 447 2307 et
479 2266 645 2319 aliquot
674 2263 797 2313 libri,
851 2264 895 2302 in
927 2264 992 2304 his
1024 2263 1168 2304 Guelf.
1212 2279 1245 2301 ι.
1307 2264 1438 2300 Recte
1469 2258 1550 2296 uti-

91 2338 198 2380 φης
249 2325 348 2379 quia
385 2334 429 2364 et
467 2323 630 2375 reliqua
662 2320 790 2360 verba
822 2320 904 2360 hoc
932 2335 1108 2362 numero
1140 2319 1284 2376 posita.
1369 2317 1553 2370 Scaliger

89 2384 259 2420 remittet
281 2381 516 2428 invexerat,
539 2391 585 2418 ut
607 2377 765 2418 habent
784 2378 883 2418 libri
905 2379 1118 2428 nonnulli,
1143 2378 1269 2417 etiam
1292 2373 1450 2415 Corvin
1496 2371 1550 2411 H.

91 2439 283 2477 Remitcit
323 2449 507 2493 quatuor
556 2448 637 2490 apo
671 2435 800 2490 rapha
843 2435 898 2475 H.
942 2434 1054 2475 Vols.
1094 2435 1228 2475 Zwic.
1264 2445 1301 2471 2.
1361 2433 1555 2469 Ii'emitlet

631 2451 703 2531 lgex
751 2506 895 2550 apogr.
948 2494 1003 2534 H.
1045 2491 1155 2534 Voll'.
1207 2504 1339 2528 unum
1389 2489 1554 2534 remisit.

92 2551 151 2595 Η.
188 2551 352 2590 voffius
392 2551 554 2606 recepit
584 2558 626 2588 ιιι
648 2572 707 2581 --
730 2554 934 2601 remutet,
984 2559 1030 2589 ut
1073 2551 1119 2589 in
1150 2557 1187 2587 et
1218 2555 1462 2599 corruptum
1496 2543 1555 2581 di-

93 2621 223 2659 03115,
265 2617 308 2647 et
339 2607 688 2650 constructionem
720 2618 844 2662 putat
874 2607 1004 2648 hanc:
1046 2610 1113 2656 fic
1142 2615 1279 2644 teneor
1306 2606 1478 2652 caletus,
1513 2608 1558 2640 ut

35 2694 37 2698 ι
96 2675 208 2712 met.
265 2664 405 2706 Nobis
435 2664 542 2706 haec
572 2678 660 2705 non
694 2662 780 2707 visa
810 2664 908 2708 sunt
937 2675 1048 2720 apta.
1113 2664 1183 2702 W.
1422 2709 1448 2763 5
1493 2717 1537 2754 E

1453 2743 1462 2754 .
1534 2724 1565 2767 t,
