1722 2919
200 145 285 192 ’156
507 144 896 185 OBSERVAT.
943 144 1017 185 IN
1058 143 1363 185 TIBVLLI

201 261 478 303 auctoritate;
511 259 647 299 Zwic.
676 271 714 299 2.
744 262 894 307 simus,
927 257 1105 313 superse.
1139 263 1191 299 al.
1213 264 1391 308 stemus,
1423 269 1472 298 ut
1503 258 1548 298 in
1578 257 1645 300 ed.

198 317 318 372 Lips.
348 318 508 356 factum
538 315 606 357 est.
665 315 790 355 Libri
819 316 948 357 ceteri
979 330 1072 355 cum
1093 317 1250 370 Vulpio
1271 320 1426 365 fimuQ·
1460 314 1647 356 vindob.

190 378 356 427 firmus.
412 375 489 414 W.

545 490 1018 537 ELEGIA
1112 491 1300 535 VII.

321 608 356 631 ι.
394 593 518 631 Hunc
547 608 579 629 c.
612 592 740 638 diem]
782 590 862 630 Ed.
895 590 1011 645 Lips.
1044 595 1193 638 Hanc,
1224 600 1272 629 ut
1301 589 1407 629 aliae
1439 587 1647 644 quaedam

200 662 268 704 ap.
297 648 488 688 Broukh.
529 648 585 686 H.
644 649 701 686 Et
729 648 864 688 Zwic.
892 663 926 688 1.
958 664 991 688 c.
1015 648 1163 695 Paris.‚
1197 646 1311 702 quod
1345 647 1394 685 ab
1425 647 1492 694 iis,
1522 655 1647 700 puto,

198 705 449 760 repositum,
484 705 581 759 qui,
616 720 667 745 ne
699 705 793 758 quis
826 706 952 745 verba
982 707 1087 745 hunc
1112 707 1203 755 fore
1233 704 1286 743 ad
1317 707 1422 743 diem
1451 703 1644 751 referret,

199 762 424 817 prohibere
457 766 708 806 volum-unm
745 777 830 802 non
862 778 962 803 vero
993 775 1204 818 tamquam
1225 762 1477 801 femininum
1499 757 1648 814 exqui-

197 819 314 860 fitius
347 818 470 868 effet,
506 819 621 872 quod
653 819 728 857 fibi
758 819 958 874 persuasit
987 822 1041 862 Η.
1072 821 1249 859 Vossius.
1293 820 1367 858 W.

315 899 353 934 5.
401 889 670 939 Hune-fore,
700 890 754 927 A.
781 889 855 940 p.]
900 887 1249 945 intelligendum,
1291 891 1423 934 diem,
1461 884 1501 923 h.
1531 897 1644 931 eum,

199 944 274 999 qui
301 959 351 984 eo
383 944 450 982 die
482 955 605 983 natus
638 943 763 994 effet,
795 946 886 985 fore
909 947 1052 995 illum,
1085 945 1157 999 qui
1178 946 1415 999 Aquitanos
1445 942 1649 981 vinceret.

199 1000 283 1041 Sed
323 1001 403 1041 hoc
444 1004 590 1054 paullo
634 1001 778 1040 durius
819 1002 922 1052 effe,
973 1005 1118 1058 n‘egari
1159 1017 1243 1040 non
1285 999 1430 1056 potest.
1499 993 1646 1037 Heins-

198 1058 335 1113 primo
367 1057 488 1097 versu
517 1058 771 1097 conficiebat
800 1061 936 1099 (lucem
965 1076 1041 1113 pro
1066 1062 1182 1099 diem.
1228 1059 1433 1098 Putabam
1457 1055 1646 1109 aliquan-

199 1115 254 1153 do
286 1115 536 1170 legendum:
579 1117 705 1154 Nune,-
726 1118 848 1167 fore;
899 1128 940 1157 et
970 1118 1022 1156 fic
1053 1117 1251 1170 scriptum
1283 1116 1326 1154 in
1357 1113 1500 1154 Guelf.
1530 1123 1568 1160 5.
1602 1119 1647 1149 et

197 1171 349 1212 Hamb.
396 1170 478 1210 Sed
510 1174 681 1227 elegans
713 1172 767 1211 est
800 1175 1032 1224 Ayrmanni
1064 1174 1330 1212 coniectura:
1365 1175 1459 1210 Iloc
1475 1170 1574 1222 sore
1601 1165 1644 1204 h.

195 1228 456 1269 nasciturum
487 1227 593 1275 effe,
638 1229 680 1265 in
713 1229 809 1269 Vita
841 1231 1004 1269 Tibulli
1036 1233 1070 1282 ξ.
1099 1239 1192 1278 42.;
1244 1239 1292 1268 ut
1324 1239 1463 1268 tamen
1494 1240 1542 1265 ea
1574 1238 1643 1263 ex-

195 1285 414 1341 pediretur
445 1299 533 1332 τες,
569 1285 797 1339 legendum
825 1298 914 1326 erat
942 1289 1065 1327 etiam
1093 1287 1227 1341 primo
1249 1285 1392 1324 versu:
1426 1287 1519 1323 Hoc·
1537 1285 1643 1319 ceci-

194 1358 290 1382 nere
320 1345 384 1381 die
417 1364 465 1370 --
500 1341 594 1381 Hoc
613 1343 737 1393 sore,
769 1349 849 1396 qut?-
911 1344 1109 1383 Ceterum
1133 1343 1292 1382 moneri
1320 1339 1517 1381 adversus
1540 1338 1645 1377 haec

197 1399 337 1438 onmia
366 1397 499 1452 potest
531 1397 633 1437 hoc:
668 1398 750 1439 ess‘e
782 1402 863 1439 hoc
892 1402 1113 1440 Parcarum
1146 1399 1413 1447 vaticinium,
1452 1396 1643 1449 adeoque

197 1454 409 1509 affurgere
450 1460 603 1508 poetae
644 1457 892 1496 orationem.
953 1459 1033 1496 Pro
1068 1459 1239 1507 fundere
1278 1456 1332 1495 est
1356 1457 1559 1507 fiangere
1599 1451 1644 1489 in

197 1512 343 1553 Guelf.
378 1524 415 1550 2.
456 1513 511 1550 H.
573 1512 628 1551 H.
662 1513 848 1560 Voffius,
882 1515 1041 1566 IIeynii
1074 1513 1241 1568 vestigia
1272 1512 1462 1561 secutus,
1495 1508 1645 1548 intulit

194 1573 294 1610 Hac
321 1573 498 1607 cecinere
526 1570 616 1618 die‚·
648 1584 743 1608 nam
776 1571 885 1609 diem
919 1575 1099 1610 natalem
1131 1585 1207 1624 pro
1239 1569 1409 1608 homine
1439 1577 1540 1606 nato
1569 1578 1639 1619 p0⁴

195 1640 319 1673 nere,
353 1624 433 1664 hoc
462 1625 566 1664 fines
598 1626 771 1679 poeseos
805 1637 846 1666 et
877 1628 1051 1665 rationis
1083 1628 1292 1665 humanae
1319 1624 1536 1665 excedere.
1575 1621 1642 1661 Ab

194 1682 276 1722 hae
307 1682 567 1720 correctione
600 1693 761 1721 textum
798 1685 1001 1736 exemplis
1037 1682 1227 1723 defendit
1261 1682 1526 1729 Huschlzius,
1572 1692 1641 1716 au·

196 1739 444 1792 daciamque
473 1737 659 1787 Tibulli,
715 1738 799 1778 diei
831 1740 1054 1779 tribuentis
1086 1755 1149 1779 res
1182 1739 1311 1793 gestas
1343 1738 1548 1784 hominis,
1591 1748 1641 1774 eo

197 1795 265 1835 die
295 1796 404 1844 nati,
448 1794 615 1835 felicem
643 1795 870 1849 praedicat.
929 1796 1012 1840 sed
1043 1797 1246 1849 exemplis
1278 1796 1437 1842 allatis,
1471 1808 1493 1833 e
1523 1793 1639 1846 Virg.

194 1853 302 1892 Aen.
325 1851 400 1902 IV,
441 1854 529 1902 169.
562 1855 638 1891 llle
661 1855 745 1891 dies
765 1858 922 1902 primus
948 1856 1015 1892 len·
1037 1858 1270 1906 primusque
1291 1855 1487 1891 malorum
1510 1850 1639 1901 Caus-

183 1911 239 1962 sa
260 1910 366 1961 sztit,
402 1919 443 1948 et
472 1909 637 1948 Lucan.
662 1910 762 1959 VH,
801 1921 888 1957 131.
916 1913 1128 1957 Arlwenlffe
1160 1914 1284 1955 diem,
1314 1910 1546 1962 quisalam
1573 1921 1638 1944 re-

194 1967 266 2005 hus
297 1969 340 2006 ιἰι
368 1981 512 2005 aevum
545 1968 738 2005 Conderet
759 1968 971 2015 humanis,
1002 1979 1038 2006 et
1061 1972 1227 2020 quaes-i,
1260 1969 1394 2004 Roma
1417 1966 1517 2019 quid
1534 1967 1638 2010 effer,

193 2025 274 2064 Illo
305 2026 469 2069 sisarle,
510 2026 656 2075 palam
681 2027 758 2072 qt,
800 2034 847 2062 ut
880 2027 1066 2072 Graeca,
1119 2025 1183 2063 his
1213 2024 1383 2072 similia,
1433 2023 1636 2068 omittam,

193 2079 322 2120 lectio
355 2084 524 2135 vulgata
556 2080 652 2119 satis
688 2081 861 2119 defendi
893 2081 995 2120 mihi
1028 2097 1109 2119 non
1137 2080 1316 2119 videtur.
1379 2080 1516 2126 Num,
1549 2077 1635 2115 illis

194 2137 449 2190 exploratis,
482 2147 623 2190 patet,
660 2138 740 2175 (liei
769 2139 898 2176 tribui
923 2154 943 2177 a
967 2137 1240 2191 scriptoribus
1274 2136 1487 2176 veteribus
1518 2149 1636 2173 even-

193 2205 300 2239 tum,
353 2198 412 2232 rei
442 2194 516 2232 illo
550 2193 617 2232 die
653 2199 790 2246 gestae
830 2199 899 2234 vel
926 2197 1051 2247 facto
1083 2195 1198 2232 illius
1232 2194 1339 2241 diei,
1391 2203 1439 2231 ut
1473 2188 1634 2238 causae,

191 2250 363 2306 proprie
395 2249 690 2299 tribuendum,
722 2251 751 2289 fi
782 2252 949 2305 proprie
981 2251 1098 2306 loqui
1130 2250 1247 2289 velis.
1296 2249 1475 2302 Virgilio
1507 2247 1635 2302 igitur

192 2322 347 2347 amores
373 2310 556 2359 βψω-ι’,
608 2309 785 2346 Lucano
823 2312 1025 2359 proelium
1063 2307 1231 2362 proprie
1273 2305 1496 2344 dicendum
1532 2313 1633 2342 erat.

195 2365 303 2406 Cum
336 2374 473 2404 auteur
499 2377 587 2412 res»,
624 2365 691 2402 die
723 2366 854 2403 natali
882 2367 1026 2419 aliquo
1060 2362 1261 2403 Meffalae
1294 2360 1426 2417 gesta,
1459 2361 1632 2398 inventa

192 2437 281 2462 non
321 2422 391 2469 fit,
441 2420 509 2458 cui
549 2430 690 2459 tantus
731 2431 906 2460 eventus
937 2445 994 2453 —-
1029 2422 1204 2472 fundere
1240 2427 1380 2469 gentes
1409 2440 1464 2447 ——-
1503 2415 1635 2454 tribui

192 2477 351 2534 poffet,
403 2490 544 2531 neque
584 2477 806 2530 quisquam
839 2478 956 2517 illum
989 2478 1145 2517 actioni
1175 2476 1368 2530 pariendi
1397 2474 1523 2513 facile
1554 2472 1633 2510 tri-

190 2537 317 2585 buat,
366 2534 444 2574 hac
479 2533 640 2572 ratione
683 2548 767 2572 rem
809 2537 1072 2587 explanatam
1104 2548 1157 2572 ne
1189 2531 1348 2571 credas.
1419 2532 1492 2571 Sin
1532 2542 1633 2568 vero

191 2595 299 2632 diem
337 2606 413 2646 pro
453 2588 629 2630 Melsala
669 2589 744 2628 illo
787 2588 854 2629 die
895 2602 994 2629 nato
1036 2591 1214 2645 politum
1257 2589 1442 2637 iudices,
1495 2598 1634 2638 neque

192 2652 385 2702 exempla
421 2647 593 2686 laudata
633 2645 864 2700 quadrant,
911 2657 953 2686 et
991 2647 1163 2685 audacia
1197 2645 1361 2683 Tibulli
1397 2644 1524 2682 nimia
1562 2641 1631 2681 est.

190 2705 428 2759 Ayrmanui
465 2701 750 2744 emendationi
781 2701 825 2741 id
855 2703 1026 2742 omnino
1057 2712 1290 2758 repugnat,
1334 2700 1447 2755 quod
1478 2701 1634 2738 Parcae

1590 2769 1640 2794 eo
