1722 2919
177 126 255 170 146
491 123 884 167 OBSERVAT.
923 124 998 166 IN
1040 123 1342 165 TIBVLLI

177 246 277 281 lata.
325 241 377 279 In
399 253 544 296 apogr.
568 241 675 279 cedit
695 241 876 285 violata,
910 239 1039 277 etiam
1067 239 1249 278 viduata.
1306 238 1443 279 Notes
1469 238 1637 291 bipenne

177 314 254 354 pro
277 298 454 350 bipenni.
516 300 555 337 A
578 296 708 336 Goth.
732 295 843 336 abest
868 294 1012 335 versus
1043 297 1108 345 (a.
1132 296 1231 348 m.).
1293 296 1368 336 W.

293 395 361 438 43.
405 390 695 441 Sanguineque
724 388 848 441 effuso
870 387 1040 438 spargit
1068 388 1203 425 inulta
1221 389 1383 434 Deam]
1438 384 1636 440 quorsum

179 448 342 486 inulta?
384 446 567 500 Vulpius
595 445 771 484 verbum
801 445 858 481 ita
890 443 1218 496 interpretatur,
1259 453 1308 482 ut
1337 443 1473 490 dicat,
1505 442 1635 482 nemi-

178 518 274 542 nem
305 501 454 550 fuiffe,
498 502 573 556 qui
605 504 783 542 vulnera
813 500 886 537 illa
921 498 1205 538 ulcisceretur.
1274 501 1339 539 Ita
1373 513 1476 540 vero
1507 499 1638 553 friget

178 559 289 599 illud
321 559 591 599 vocabulum.
653 558 703 595 Tn
730 556 810 594 Ed.
840 558 965 595 Rom.
997 559 1210 607 Sanguine
1239 567 1276 595 et
1298 558 1381 608 e.s.
1405 560 1543 608 inepta
1561 558 1637 605 D.,

181 627 223 657 et
247 616 301 655 fic
326 615 452 655 etiam
487 615 669 653 habebat
700 613 809 652 liber
842 612 1122 656 Com1nelini3
1164 612 1236 652 sed
1264 613 1344 652 hoc
1364 627 1442 666 pro
1467 613 1636 666 reliquo

180 673 366 712 carmine
395 672 519 710 nimis
554 682 695 710 tenue.
757 670 990 710 Enimvero
1015 669 1114 709 vide
1142 680 1286 708 notam
1313 669 1367 708 ad
1389 669 1431 709 h.
1455 684 1495 708 v.
1522 672 1635 708 San—

177 733 304 782 guine
326 738 364 768 et
387 728 441 768 est
465 728 589 767 etiam
613 727 656 765 in
679 727 826 767 Guelf.
854 742 889 767 ι.
913 738 951 764 2.
979 733 1017 776 4.
1051 728 1106 766 ΙΙ.
1143 726 1270 765 Paris.
1285 729 1495 780 sanguine
1514 736 1552 766 et
1565 748 1635 764 —-.

179 787 316 828 Zwic.
345 801 378 824 ι.
403 796 444 825 et
467 785 510 822 in
535 799 678 840 apogr.
702 786 829 822 multa
853 797 930 837 pro
955 787 1098 822 inulta.
1163 783 1238 823 W.

295 885 362 928 49.
409 873 635 927 praefixa]
691 874 864 914 Corvin.
895 862 1073 925 perfixa.
1125 874 1181 912 H.
1240 876 1297 914 Et
1318 875 1452 914 Zwic.
1481 886 1519 912 2.
1567 871 1637 911 Ad

180 934 534 975 constructionem
565 931 853 970 illustrandam
886 931 990 970 facit
1013 934 1133 970 locus
1163 933 1255 973 Val.
1278 933 1341 970 1³1.
1361 931 1397 978 1,
1425 939 1522 979 837.
1550 943 1636 980 ga-

182 997 255 1032 leis
279 993 476 1043 praaestxa
506 991 657 1028 domus.
689 1011 742 1018 -——
783 1003 821 1027 v.
852 996 922 1034 50.
955 990 1114 1042 Apogr.
1140 989 1330 1042 quinque
1361 1002 1455 1026 cum
1478 987 1638 1026 Guarn.

182 1061 223 1089 et
248 1050 381 1088 Zwic.
406 1060 442 1087 2.
470 1057 599 1085 movet
619 1059 697 1098 pro
715 1053 856 1084 monet.
883 1067 936 1074 —
969 1053 1037 1091 52.
1068 1045 1218 1084 Venet.
1245 1055 1287 1083 et
1307 1044 1441 1083 Zwic.
1466 1059 1500 1083 ι.
1526 1044 1637 1082 (lec-11·-

183 1108 278 1152 ‹ltjffe
301 1119 378 1157 pro
404 1105 595 1150 didit-iffi.
628 1124 681 1132 —
715 1100 844 1141 Goth.
869 1103 925 1153 (a.
947 1105 1020 1149 m.)
1048 1117 1120 1140 nec
1137 1115 1215 1155 pro
1234 1116 1295 1140 ne.
1357 1101 1430 1140 W.

297 1192 366 1230 53.
406 1178 639 1234 Attigerz's]
689 1178 883 1219 Broukh.
916 1193 939 1219 e
970 1180 1245 1228 melioribus,
1277 1179 1429 1218 utiam
1448 1177 1636 1218 coniece-

180 1251 276 1280 rant
298 1242 508 1283 Auratus,
541 1240 730 1284 Fruter.,
761 1235 922 1275 Dousa.
987 1238 1152 1291 Vulgo:
1182 1239 1398 1287 Altigerit.
1436 1249 1535 1274 mox
1555 1232 1635 1272 Ed.

180 1295 300 1349 Lips.
324 1309 416 1333 cum
438 1290 715 1347 quibusdam:
747 1302 791 1329 ut
811 1294 905 1330 mne
926 1310 964 1333 ν.
988 1308 1141 1347 nempe
1163 1307 1215 1332 ex
1239 1307 1321 1331 ara.
1348 1293 1403 1332 H.
1435 1294 1638 1343 Attigeris

181 1362 357 1394 tuentur
378 1351 552 1389 Nlonac.
574 1348 700 1387 Bern.
724 1346 836 1386 voff.
859 1355 922 1397 5.,
956 1350 1085 1387 ceteri
1116 1350 1217 1386 libri
1243 1363 1337 1387 cum
1357 1351 1509 1389 Venet.
1533 1352 1635 1386 acti-

176 1413 297 1462 gerit.
358 1408 582 1446 Praeterea
607 1403 762 1443 Hamb.
794 1404 963 1444 libenter
987 1418 1063 1457 pro
1087 1405 1299 1453 labentum
1331 1419 1475 1460 apogr.
1509 1415 1548 1444 et
1571 1405 1638 1442 hie

181 1475 346 1513 ventus,
378 1463 503 1502 etiam
527 1462 785 1512 deripereque
810 1459 1005 1511 (Goth.);
1037 1461 1187 1500 Venet.
1209 1462 1304 1500 hinc
1325 1476 1402 1515 pro
1426 1463 1504 1500 hic.
1560 1459 1637 1500 Ce-

183 1536 320 1564 terum
344 1523 624 1573 imprecantes
649 1532 670 1555 a
696 1516 846 1565 rebus,
880 1530 988 1570 quae
1012 1516 1122 1557 forte
1154 1528 1387 1557 tractantur
1415 1521 1486 1558 vel
1514 1517 1636 1564 fiunt,

181 1581 311 1622 verba
335 1576 561 1617 transferre
585 1572 745 1622 solent,
786 1583 835 1612 ut
866 1573 918 1612 ΙΙ.
951 1574 1043 1623 ΙΙΙ,
1076 1585 1170 1625 299.
1206 1575 1336 1628 Soph.
1358 1575 1424 1614 Ai.
1454 1585 1559 1622 1177
1581 1595 1638 1605 —-

181 1650 274 1689 79‚,
319 1636 389 1673 vel
421 1632 473 1671 ob
506 1630 550 1669 id
581 1630 789 1670 actionem
821 1630 1007 1683 aliquam
1030 1631 1288 1686 transigere,
1319 1642 1367 1671 ut
1386 1631 1487 1671 inde
1507 1642 1638 1671 trans-

181 1694 366 1734 lationes
398 1688 624 1728 verborum
659 1696 832 1740 petant,
877 1697 919 1724 et
952 1686 1246 1740 imprecationi
1270 1689 1355 1727 vim
1378 1688 1547 1728 addant.
1581 1688 1635 1727 cf.

179 1751 281 1790 Liv.
309 1759 375 1796 21,
402 1754 469 1795 45-
504 1766 555 1773 -·
590 1743 697 1782 COd·
720 1741 834 1783 VOff-
853 1753 891 1789 3·
913 1741 1057 1783 versus
1076 1753 1132 1791 53
1153 1767 1191 1773 —
1210 1747 1278 1791 136.
1304 1744 1394 1799 post
1414 1755 1482 1796 39.
1504 1755 1636 1784 trans-

180 1811 290 1847 latos
320 1804 461 1842 habet.
492 1823 548 1831 —
577 1808 646 1848 55.
675 1814 752 1854 pro
778 1808 815 1838 et
834 1800 910 1838 trba·
932 1798 1046 1841 Vols.
1069 1810 1110 1848 3.
1135 1810 1173 1840 et
1191 1804 1303 1842 milri.
1332 1824 1386 1832 —
1420 1802 1550 1844 Goth.
1576 1818 1637 1841 me

182 1878 260 1918 pro
292 1876 393 1901 [nea.
454 1861 529 1899 W.

295 1943 364 1989 56.
393 1944 469 1990 fit,
492 1954 661 1992 precor,
691 1940 770 1979 illa
788 1938 913 1982 levis]
949 1935 1105 1978 Contra
1129 1938 1519 1992 interpretationem
1540 1938 1634 1978 Sca·

179 2000 305 2054 ligeri
334 1996 703 2050 Broukhufiique,
749 2009 856 2049 quos
881 1994 1077 2048 Heynius
1105 1995 1149 2033 in
1181 1996 1307 2036 Notis
1335 1995 1538 2051 sequutus
1562 1994 1632 2043 est,

183 2057 372 2109 disputat
403 2055 457 2094 H.
490 2054 679 2102 voffius,
720 2065 922 2102 monens,
965 2065 1105 2106 neque
1137 2055 1237 2091 levis
1265 2066 1341 2106 pro
1374 2053 1632 2106 vaniloquus

182 2113 342 2152 dictum
365 2112 461 2159 effe,
494 2124 633 2165 neque
653 2110 844 2148 futurum
867 2118 1053 2162 tempus,
1087 2109 1201 2163 quod
1224 2110 1496 2149 coniunctivo
1516 2122 1635 2162 prae-

180 2169 379 2217 sentisfit
400 2168 676 2223 significetur,
709 2176 853 2219 aptum
876 2162 970 2204 effe.
1030 2167 1200 2204 Etenim
1224 2166 1254 2204 fi
1275 2166 1370 2220 quis
1389 2166 1630 2214 mentiatur,
1690 2175 1691 2181 ¹

182 2241 233 2266 eo
263 2236 476 2280 tempore,
510 2239 594 2278 quo
625 2227 847 2277 loquatur,
877 2220 1143 2260 mendacium
1173 2222 1339 2272 dicere,
1380 2236 1468 2262 non
1499 2223 1631 2276 quu'm

180 2293 331 2322 taceat.
389 2284 540 2335 Itaque
570 2280 768 2328 Tibullo,
801 2276 1036 2326 fisensum,
1069 2293 1195 2332 quem
1220 2279 1303 2318 viri
1328 2280 1536 2318 nominati
1560 2292 1630 2331 ap·
1695 2275 1703 2306 s

178 2350 410 2394 ponerent,
442 2337 618 2377 reddere
651 2335 869 2384 voluisset,
901 2334 1127 2375 dicendum
1156 2334 1305 2383 fuiffe,
1340 2338 1411 2376 vel
1436 2336 1513 2374 illa
1532 2336 1632 2373 levia
1693 2360 1696 2368 ,

176 2400 330 2445 siret-it,
362 2398 431 2435 vel
462 2395 637 2440 melius,
669 2409 799 2438 rana,
834 2407 1006 2442 precor,
1035 2393 1186 2444 suerit.
1247 2393 1402 2447 Neque
1424 2391 1630 2446 Vulpium
1678 2395 1720 2439 θη

179 2464 336 2492 certam
362 2451 481 2505 sequi
515 2451 754 2503 bonamque
781 2450 1014 2497 rationem,
1055 2448 1129 2502 qui
1159 2449 1337 2488 notarit:
1379 2449 1549 2498 „velim
1570 2446 1629 2486 sa·
1674 2434 1680 2520 ff
1704 2450 1720 2484 fl

178 2510 391 2549 cerdotem
412 2510 528 2546 illam
546 2506 749 2544 Bellonae
768 2507 892 2544 levem
914 2504 1011 2555 effe,
1042 2505 1239 2544 nimirum
1260 2508 1330 2546 vel
1350 2506 1491 2544 minus
1513 2504 1627 2545 seve·
1674 2531 1676 2539 .
1703 2527 1718 2541 ι,

177 2581 286 2615 ram,
319 2569 390 2605 vel
411 2565 549 2602 minus
574 2561 852 2610 constantem,
893 2572 941 2602 ut
967 2562 1010 2600 id
1034 2575 1120 2601 non
1145 2572 1265 2601 curet
1288 2560 1477 2612 efficere,
1513 2560 1628 2616 quod
1671 2542 1676 2615 l
1710 2587 1717 2595 i

179 2624 332 2662 minata
355 2621 465 2662 est.“
524 2620 656 2666 Nam,
687 2618 716 2655 fi
741 2618 815 2657 dea
846 2633 932 2657 rem
957 2632 1043 2657 non
1065 2617 1332 2672 perfecisset,
1365 2618 1626 2673 ipsamsaci—
1668 2632 1673 2702 Ι

174 2684 253 2718 lem
272 2676 570 2733 appellandam
587 2673 727 2723 fuiffe,
760 2689 846 2714 non
866 2679 1015 2722 leuem,
1047 2674 1204 2716 nedum
1231 2677 1324 2717 eiua
1343 2675 1620 2718 sacerdotem.
1713 2685 1717 2715 s

1710 2745 1715 2765 l

1502 2732 1625 2786 Quae
