1722 2919
161 105 247 162 298
481 104 861 147 OBSERVAT.
901 105 977 146 IN
1007 104 1306 146 TIBVLLI

567 223 614 266 E
658 224 700 266 L
744 224 790 266 E
837 222 881 267 G
925 224 959 266 I
995 223 1046 268 A
1163 222 1226 267 V.

279 336 316 360 1.
364 324 448 363 Vos
476 322 536 374 t.]
589 323 655 362 Ita
686 322 852 362 demum
883 322 1147 361 emendatum
1181 337 1201 359 a
1234 322 1434 368 mureto,
1473 328 1523 358 ut
1552 318 1612 357 di-

161 377 268 418 serte
299 380 342 416 in
386 380 530 419 Guelf.
558 387 594 429 4.
634 389 676 418 et
707 380 748 417 in
790 379 931 418 Guelf.
965 389 1001 416 Ω.
1042 394 1062 417 a
1102 394 1228 417 manu
1270 379 1389 417 docta
1424 392 1516 416 cum
1548 376 1611 413 in-

162 437 489 489 terpretatione:
541 440 656 476 Dum
684 451 754 475 vos
783 438 870 474 lora
898 436 1020 485 plena
1048 437 1299 484 voluptatum
1317 437 1611 488 fi·equentstti.s·‚

163 506 237 545 ego
259 496 420 532 interim
443 503 617 545 aegroto,
678 495 818 547 Vulgo
844 492 1048 532 edebatur
1069 503 1110 530 et
1133 492 1273 546 paffim
1296 492 1472 547 legitur,
1510 492 1611 535 Nos,

161 549 363 604 quoniam
406 552 512 590 male
551 549 790 604 suppletum
833 559 919 588 crat
957 548 1135 602 spatium
1178 564 1378 596 vacuum,
1430 557 1476 585 ut
1508 544 1613 584 solet

159 605 207 645 in
235 606 377 656 libris,
423 607 466 645 in
498 607 637 646 fronte
669 607 874 645 relictum.
956 607 1065 645 ΜΟΧ
1097 604 1174 644 Ed.
1211 608 1332 645 Rom.
1363 620 1438 658 que
1467 619 1486 641 e
1508 604 1611 654 son—-

159 664 278 704 tibus.
353 664 475 702 Unus
518 663 641 701 Statii
690 673 732 702 et
771 677 881 701 unus
921 661 1111 701 Broulzh.
1155 677 1231 715 pro
1273 662 1386 700 varia
1427 659 1614 700 lectione

160 720 382 767 montibus,
428 719 542 774 quod
573 719 840 758 Broulzhufio
874 730 915 758 et
944 720 1142 758 D‘Iariano
1184 718 1233 757 de
1264 718 1432 757 Etruria
1465 727 1615 755 metro·

157 777 251 832 poli
281 791 314 816 c.
345 779 405 831 X'.
429 776 714 830 probabatur,
768 776 840 830 qui
882 790 1012 830 aquas
1044 775 1118 815 has
1149 775 1312 814 Tibulli
1353 776 1395 813 in
1429 772 1501 811 isto
1534 784 1614 811 tra-

159 845 232 874 ctu
271 849 292 872 a
333 834 524 872 Viterbio
558 832 610 870 ad
642 831 825 872 Faliscos
857 846 1017 886 usque,
1071 833 1145 886 qui
1174 832 1429 871 thermarum
1460 832 1612 884 plenus

160 890 239 937 est,
282 890 332 928 ad
369 900 553 929 montem
588 890 826 937 Ciminum,
879 889 1121 944 quaerebat.
1203 890 1338 929 Fuere
1370 888 1451 927 viri
1484 885 1611 933 docti,

161 949 236 1003 qui
275 947 495 985 Tibullum
545 946 595 986 de
635 946 730 1000 ipsis
775 946 1031 1001 Campaniae
1074 945 1185 985 Baiis
1228 947 1347 1000 loqui
1388 943 1614 984 contende·

157 1015 275 1052 rent,
327 1015 369 1043 et
408 1003 578 1059 quidem
621 1004 701 1042 iam
733 1004 855 1043 Statii
897 1014 1086 1057 tempore
1126 1003 1264 1043 nescio
1309 1002 1427 1056 quis,
1479 1012 1613 1052 nuper

159 1072 299 1100 autem
330 1062 563 1100 Marcellus
599 1060 650 1099 de
682 1061 861 1099 Venutis
900 1063 1206 1114 (Descri'zzione
1235 1061 1334 1099 delle
1356 1062 1491 1111 prime
1513 1058 1612 1109 sco-

154 1128 269 1170 perte
298 1119 391 1158 dell’
411 1120 614 1157 Ercolano
644 1132 685 1170 p.
707 1120 833 1166 24),
886 1120 984 1156 Ant.
1021 1116 1231 1156 Cocchius
1281 1118 1370 1166 (ἄρ’
1400 1118 1545 1166 Bagai
1572 1113 1617 1150 (Ιί

156 1178 290 1228 Pasa)
335 1185 378 1215 et
407 1176 504 1222 alii,
543 1189 641 1213 cum
671 1173 759 1227 ipso
795 1173 963 1227 Vulpio.
1024 1174 1082 1212 Hi
1115 1174 1220 1213 adeo
1251 1176 1393 1225 sontes
1425 1173 1617 1224 Etruscos

158 1232 260 1271 inde
303 1231 439 1271 dictos
471 1236 622 1285 poetae
654 1230 845 1269 arbitrati
874 1230 993 1278 sunt,
1050 1230 1165 1284 quod
1199 1230 1365 1269 Etrusci
1397 1231 1494 1269 olim
1529 1242 1616 1266 om·

157 1304 255 1328 nem
280 1287 394 1327 istam
418 1303 532 1327 oram
556 1287 812 1340 Campaniae
836 1286 1013 1326 tenuisse
1037 1288 1252 1336 feruntur,
1286 1298 1334 1325 ut
1356 1301 1408 1325 ex
1433 1281 1613 1336 Dionys.

157 1346 300 1385 Halic.
341 1346 524 1398 aliisque
566 1342 663 1383 satis
699 1342 865 1381 confiat.
954 1344 1184 1382 Enimvero
1224 1344 1297 1381 vix
1332 1357 1378 1383 ea
1408 1340 1616 1382 sententia

159 1401 378 1441 commode
412 1399 585 1440 defendi
614 1398 770 1453 potest:
825 1415 920 1438 nam
957 1401 1078 1439 nimis
1110 1402 1235 1454 longe
1269 1399 1399 1453 petita
1432 1413 1479 1439 ea
1512 1395 1615 1438 esset

157 1458 356 1498 Baiarum
408 1458 450 1496 in
492 1456 722 1510 Campania
768 1455 1024 1511 defignatio,
1084 1470 1219 1511 eaque
1257 1455 1431 1495 obscura
1472 1465 1514 1495 et
1553 1455 1616 1492 in·

158 1526 300 1563 corta,
348 1531 441 1554 cum
480 1517 615 1554 multo
660 1514 789 1567 magis
825 1514 877 1552 ad
909 1513 1120 1553 Etruriam
1162 1514 1346 1551 animum
1377 1521 1613 1560 revocaret,

161 1584 205 1613 et
235 1572 343 1612 redit
373 1572 484 1610 infra
529 1571 659 1623 Tusca
691 1570 880 1622 lympha;
931 1570 1101 1610 tandem
1145 1580 1187 1608 et
1218 1569 1326 1609 illud
1358 1569 1451 1624 quis
1483 1569 1614 1608 ferat:

156 1631 284 1670 Baias
308 1629 393 1667 dici
417 1632 638 1666 maximam
656 1631 881 1675 Baiarum,
921 1639 995 1667 aut
1015 1627 1235 1666 maximam
1255 1626 1408 1665 undam
1428 1625 1614 1679 lymphis

157 1686 391 1726 Baiarum?
425 1699 518 1724 cum
543 1685 801 1738 Campaniae
823 1685 1057 1724 illaeBaiae
1080 1698 1164 1722 uno
1188 1694 1230 1723 et
1249 1684 1421 1737 proprio
1444 1683 1614 1721 nomine

158 1743 290 1783 Baiae
313 1743 406 1791 sint,
439 1756 522 1780 non
546 1742 756 1780 communi
780 1752 821 1780 et
842 1742 1114 1796 appellativo.
1173 1740 1423 1778 Laudarunt
1445 1753 1520 1793 pro
1543 1737 1617 1777 sua

159 1799 363 1840 sententia
383 1802 524 1838 locum
546 1799 738 1838 Lucretii
762 1800 841 1848 VI,
875 1808 969 1849 747.
989 1798 1062 1836 uhi
1088 1797 1138 1835 de
1170 1798 1350 1836 Avernis
1376 1797 1482 1852 agit:

332 1861 366 1895 Is
397 1860 496 1894 lacus·
527 1856 575 1907 (fl
609 1860 741 1894 Cumas
772 1860 871 1904 apud
899 1857 1073 1906 Etruscos
1105 1866 1139 1890 ec
1165 1865 1316 1890 montes.

159 1924 242 1965 Sed
277 1924 350 1978 qui
381 1923 532 1961 bon-‘nn
566 1924 762 1962 Lucretii
794 1922 1023 1963 editionem
1055 1919 1305 1974 inspexerit,
1349 1933 1435 1959 non
1465 1920 1613 1959 lectio·

158 1996 280 2029 nem,
312 1980 381 2020 sed
406 1981 775 2034 interpolationem
803 1994 893 2020 eam
920 1978 1026 2027 effe,
1060 1988 1280 2032 totumque
1307 1976 1471 2016 versum
1493 1976 1613 2031 gravi

155 2038 394 2090 suspicione
432 2037 592 2076 fraudis
639 2038 830 2077 laborare
871 2036 1044 2076 videbit.
1131 2036 1343 2090 (Egeram
1387 2034 1429 2071 in
1470 2035 1613 2087 priore

159 2094 348 2134 editione
382 2094 433 2132 de
477 2094 517 2133 h.
552 2098 578 2132 l.
620 2095 826 2148 copiosius
871 2108 995 2148 quam
1032 2091 1357 2131 consentaneum
1390 2100 1504 2144 erat5
1549 2103 1612 2129 re-

157 2150 262 2192 [cidi
301 2151 443 2203 itaque
482 2165 595 2189 nunc
639 2165 708 2201 ea,
764 2166 871 2206 quae
903 2152 1038 2190 aliena
1079 2164 1099 2187 a
1143 2149 1225 2187 loci
1261 2147 1630 2201 interpretatione

156 2207 231 2248 seu
270 2207 359 2245 crisi
400 2218 541 2255 crant,
593 2208 728 2247 adieci
770 2208 850 2247 alia
890 2207 1021 2261 magis
1063 2206 1235 2244 consilio
1277 2203 1412 2244 nostro
1445 2202 1612 2256 respon·

160 2264 325 2312 denti-a,
373 2272 415 2301 et
447 2263 669 2303 emendavi
702 2275 839 2304 cetera
872 2264 1009 2303 foedis
1045 2262 1360 2317 typographicis
1392 2256 1508 2300 vitiis
1540 2257 1612 2298 ob·

157 2322 319 2360 [curata
348 2321 366 2368 )
403 2320 452 2357 Η.
522 2323 604 2359 Vos
630 2321 755 2360 ctiam
778 2322 879 2360 Ask.
942 2323 1029 2360 Nos
1052 2320 1201 2358 Hamb.
1227 2330 1267 2358 et
1293 2320 1387 2357 ZW.
1417 2332 1467 2366 1.‚
1491 2313 1610 2371 gloff.

159 2379 301 2417 interl.
332 2375 460 2415 adfer.
487 2392 582 2424 „me
617 2380 823 2417 Tibullum
853 2387 1070 2430 aegrotum.
1084 2379 1113 2399 ‘¹
1141 2376 1275 2416 Zwic.
1309 2387 1347 2413 2.
1376 2374 1459 2412 lzos.
1523 2375 1613 2412 Nos

392 2434 504 2471 mula
663 2470 674 2477 ,
1531 2467 1538 2474 ‚

160 2477 260 2507 teret
287 2490 344 2498 —
374 2492 515 2529 umbra
545 2483 606 2522 pr.
639 2468 749 2508 Woff.
782 2479 874 2509 tert.
946 2472 1035 2509 AVos
1062 2489 1116 2499 --
1146 2475 1366 2518 manatqne
1394 2465 1612 2518 efortzbzoe

159 2563 256 2587 una.
287 2563 359 2599 que
388 2562 407 2585 e
439 2544 548 2587 Vossl
579 2554 620 2593 5.
659 2561 720 2600 pr.
757 2564 870 2601 quae.
940 2550 996 2589 H.
1024 2547 1188 2586 Voffius
1219 2543 1380 2597 recepit
1409 2543 1611 2581 montibus

160 2618 238 2659 pro
270 2606 485 2656 sentilam,
532 2603 669 2658 aptius
710 2605 792 2644 ess'e
832 2605 1046 2653 iudicans,
1097 2601 1212 2657 quod
1242 2615 1335 2640 cum
1365 2613 1453 2639 uno
1486 2597 1610 2638 Statii

164 2670 207 2700 et
237 2675 323 2701 uno
352 2660 590 2702 broukhus.
624 2660 668 2700 in
697 2676 824 2718 marg.
855 2663 984 2702 habet
1015 2660 1125 2703 Voss‘.
1156 2667 1195 2706 5.
1257 2659 1331 2698 W.
1490 2714 1539 2752 N

1419 2723 1459 2761 5.
1505 2725 1614 2752 .unc
