1722 2919
175 105 258 162 274
483 102 874 144 OBSERVAT.
911 102 984 141 IN
1025 98 1328 140 Tlssv-LLI

179 238 288 280 quae
319 225 405 259 n'on
433 218 580 258 dubito
613 216 839 257 delIambo
871 217 1074 256 Scazonte
1104 215 1364 269 intelligere3
1399 214 1504 265 pede
1521 215 1626 266 sra-

179 293 266 322 ctus
295 278 350 319 est
382 277 652 323 debilitatus,
695 273 927 324 claudus;)
981 273 1051 313 sed
1094 273 1137 311 in
1169 271 1305 311 nostro
1321 273 1451 324 sertis
1482 270 1539 311 est
1565 271 1627 309 in-

179 336 428 391 terpretatio
455 337 666 387 vulgatae.
724 334 889 370 Firmus
914 329 969 370 est
989 330 1110 369 fortis
1126 362 1136 378 ‚
1170 330 1243 383 qui
1269 327 1488 368 discessum
1510 330 1628 382 puel-

180 401 247 437 lae
269 407 406 447 aequo
436 391 574 431 animo
594 389 704 428 ferre
727 386 871 441 potest.
932 389 994 425 Ea
1016 386 1195 425 varietas
1220 384 1317 423 satis
1338 385 1538 440 frequens
1558 381 1627 424 est.

181 470 221 494 v.
246 448 388 491 Heius.
412 448 464 489 ad
497 445 624 487 Ovid.
642 445 723 484 ΠΙ.
748 443 851 482 Fast.
879 455 972 494 279.
994 444 1192 481 Burman.
1216 442 1265 480 ad
1284 442 1391 480 Met.
1417 443 1514 489 VII,
1533 449 1630 491 457.

183 512 373 550 Gronov.
399 505 452 545 ad
476 504 572 543 Liv.
596 502 769 549 XXIII,
804 511 869 549 27.
929 501 1029 540 Non
1060 509 1199 537 autem
1220 501 1375 548 firmus
1399 504 1442 540 in
1463 501 1537 538 hoc
1557 497 1629 545 est,

181 581 230 608 ea
262 567 307 604 in
337 577 403 609 τες
447 560 515 601 sed
540 563 597 598 (ιιί
626 561 711 597 stoc.

295 620 389 661 eod.
416 634 498 658 non
524 619 621 655 llaec
646 618 853 665 pacientia
883 616 1013 662 nostro
1041 611 1242 665 Ingenio]
1275 611 1380 651 haec
1404 612 1533 651 lectio
1563 625 1635 650 an.

183 680 505 736 tiquiffimarum
535 673 768 713 editionum
800 686 822 709 a
849 673 1041 709 Romana
1074 670 1172 708 inde
1206 667 1274 708 est.
1336 667 1406 708 Est
1436 669 1560 711 etiam
1590 668 1636 705 in

183 738 324 793 Regio
347 745 389 775 et
411 731 586 772 Corvin.
647 732 702 768 At
724 727 914 767 Pocchus
938 736 980 765 et
1000 727 1192 765 Perseius
1216 726 1258 763 in
1283 727 1386 764 Exc.
1413 724 1496 764 fuis
1519 734 1635 763 nota·

186 803 360 842 verant,
414 787 559 827 deberi
589 800 677 824 eam
707 786 800 823 Iov.
831 785 1047 822 Pontano:
1096 798 1190 821 nam
1223 783 1266 820 in
1297 783 1416 821 libris
1449 780 1635 835 antiquis

187 853 295 905 legi:
329 863 407 889 non
429 847 503 883 hoc
521 847 726 894 patiemur
743 851 779 879 eb·
802 855 929 893 aequo
945 841 1127 891 Ingenio.
1184 837 1364 877 Videtur
1385 850 1522 878 tamen
1545 839 1636 876 vul-

187 906 283 963 gata
308 916 407 942 vera
431 900 536 947 effe,
570 898 653 936 live
674 912 726 937 ex
746 898 879 944 libris,
912 897 996 936 five
1023 913 1075 935 ex
1098 894 1314 949 ingeniosa
1340 894 1637 935 emendatione

187 962 379 1018 profecta
409 956 469 995 fit.
530 956 686 995 Fuerat
710 954 821 994 enim
846 957 1060 1005 paciencia
1091 962 1286 1006 corrupta
1315 951 1427 994 forte
1451 951 1496 990 in
1524 951 1639 990 hunc

185 1018 381 1059 modum:

408 1106 466 1114 ..-
524 1105 580 1112 -
639 1096 714 1118 non
744 1084 810 1118 hoc
838 1085 1022 1131 patiemur
1053 1099 1130 1118 nru.

187 1166 302 1208 uude
335 1164 378 1202 in
411 1177 496 1201 uno
523 1160 712 1200 Broukh.
746 1158 801 1198 est
832 1174 912 1197 non
939 1159 1040 1197 haec
1063 1163 1272 1210 patiemur
1291 1174 1310 1196 e
1330 1162 1474 1208 nostro.
1499 1153 1599 1194 inde
1618 1167 1641 1192 e

190 1222 450 1265 correctione
478 1218 629 1257 invasit
655 1217 786 1256 libros
821 1227 863 1255 et
891 1214 999 1254 Edd.
1022 1216 1126 1254 Ven.
1160 1230 1220 1269 pr.
1255 1215 1432 1268 eiusque
1464 1211 1638 1253 sectam:

184 1286 392 1334 patiemur
421 1287 457 1314 et
493 1291 618 1328 aequo
646 1276 829 1325 Ingenio.
896 1273 948 1311 In
977 1287 1062 1310 uno
1098 1272 1221 1311 Statii
1250 1271 1332 1309 alia
1363 1270 1527 1308 ratione
1556 1281 1639 1306 me-

192 1338 282 1377 deri
319 1338 545 1375 voluerant
582 1331 777 1379 vulneri,
820 1329 1062 1368 scribendo:
1110 1345 1189 1367 non
1232 1329 1304 1366 Ιιωι·
1341 1331 1475 1377 nostro
1500 1330 1640 1377 palie-

191 1410 281 1433 mur
301 1395 335 1431 I.
370 1390 423 1428 H.
484 1392 584 1428 lVon
604 1389 704 1425 llaec·
723 1390 930 1436 pallentia
949 1391 1081 1436 nostro
1098 1390 1261 1436 ingenio
1285 1383 1379 1422 hab.
1402 1394 1514 1433 octo,
1551 1382 1641 1436 qui-

193 1452 270 1491 bus
300 1449 355 1487 H.
378 1446 543 1486 Voffius
572 1443 669 1484 usus
701 1442 777 1493 est,
821 1441 1076 1497 apographa.
1135 1442 1261 1480 Prim.
1294 1438 1408 1480 Voss'.
1440 1443 1539 1480 Non
1565 1441 1640 1477 Ιιου

185 1510 391 1560 patiemur
421 1520 440 1542 e
470 1507 615 1549 nostro.
659 1500 788 1541 Goth.
808 1505 960 1550 ‚nqslro
986 1504 1206 1552 patiemur.
1248 1497 1374 1539 Vind.
1414 1500 1513 1538 Non
1542 1497 1644 1536 haec

186 1568 411 1618 patiemur,
455 1569 491 1598 et
521 1575 658 1612 aequo.
720 1558 794 1596 XV.

308 1653 347 1689 7.
387 1642 477 1679 Nec
520 1640 620 1677 milae?
648 1653 746 1677 vera
772 1642 881 1691 loqui
907 1640 1042 1688 pudor
1069 1640 1150 1686 [ss]
1198 1637 1264 1675 Ira
1301 1633 1569 1675 emendatum
1598 1633 1644 1671 in

194 1699 293 1740 Ald.
317 1698 395 1736 [ec.
423 1707 463 1735 et
485 1711 505 1735 a
530 1695 719 1734 Broukh.
745 1710 797 1734 ex
820 1695 938 1733 libris
961 1694 1186 1747 repetitum
1208 1694 1518 1746 firmatumque,
1547 1704 1642 1729 cum

193 1756 380 1809 Scaliger
418 1767 472 1793 ex
503 1753 596 1792 Ald.
641 1768 702 1805 pr.
744 1750 1002 1791 retraxiffet:
1069 1754 1188 1789 llaec
1227 1752 1328 1789 mc'lzi
1366 1751 1488 1787 verba
1523 1749 1642 1801 loqui.

193 1815 291 1853 Hoc
329 1811 423 1850 edd.
461 1820 561 1849 vett.
595 1809 809 1847 habebant
842 1824 893 1847 cx
916 1809 1020 1847 Ven.
1045 1821 1105 1860 pr.
1129 1810 1306 1845 alterum
1338 1806 1432 1846 edd.
1464 1820 1487 1845 e
1517 1806 1641 1844 Rom.

195 1869 413 1908 deductae.
478 1872 593 1905 llaec
621 1867 746 1905 etiam
767 1867 872 1920 lleg.
901 1875 943 1904 et
962 1880 1038 1918 pro
1063 1879 1158 1903 vera
1180 1863 1307 1903 habet
1328 1878 1450 1903 nanc.
1511 1864 1642 1900 Error

196 1936 314 1965 ortus
345 1940 397 1963 ex
422 1923 624 1977 scriptura
657 1924 749 1971 hec,
791 1937 900 1977 quae
932 1933 973 1961 et
1002 1923 1042 1960 in
1078 1921 1293 1959 nonnullis
1323 1919 1391 1960 est.
1433 1919 1487 1957 H.
1558 1918 1642 1956 Pro

192 1998 290 2022 vera
323 1981 492 2021 secund.
530 1980 639 2020 Voll'.
674 1991 792 2030 lunc,
844 1979 979 2034 quint.
1010 1978 1154 2027 vet-luc,
1203 1987 1250 2016 ut
1281 1976 1409 2016 Goth.
1439 1999 1497 2006 —
1527 1978 1644 2015 Ilaec:

192 2041 294 2078 milu'
331 2039 464 2077 Zwic.
502 2054 535 2076 ι.
569 2049 606 2076 9..
666 2040 738 2077 W.

306 2106 344 2142 7.
374 2099 557 2147 rilaezsne
576 2097 716 2146 ιβαίενί
751 2098 826 2133 'l'ot
852 2097 965 2133 mala
989 2094 1194 2143 pet-pqffice
1223 2093 1360 2130 taedia
1385 2099 1487 2128 nala
1509 2086 1640 2140 meae]

192 2154 261 2194 Ita
287 2152 478 2191 Broukh.
505 2152 591 2205 post
613 2154 833 2192 Muretum
863 2167 884 2191 e
917 2150 1154 2204 potioribus
1180 2147 1382 2195 restituit,
1426 2162 1520 2186 cum
1546 2149 1641 2188 Sca-

193 2211 300 2266 liger
328 2225 349 2248 e
381 2208 455 2248 suo
485 2213 621 2248 [amsla
651 2219 745 2248 nolu
776 2208 997 2262 posuissct:
1037 2206 1151 2259 quod
1183 2216 1225 2244 et
1255 2207 1298 2243 in
1329 2204 1469 2244 Guelf.
1503 2216 1539 2242 2.
1573 2202 1642 2242 est.

191 2269 243 2307 In
276 2266 384 2305 Edd.
415 2265 513 2305 inde
545 2268 594 2304 ab
622 2260 789 2305 Altlinisv
822 2269 1038 2320 vulgatum
1068 2274 1158 2302 erat
1180 2266 1386 2313 petpqffite
1415 2270 1473 2299 tot
1491 2263 1640 2314 super-

194 2329 266 2371 qffe
295 2338 417 2362 meae.
490 2323 558 2361 Sic
590 2324 632 2360 iu
667 2338 750 2361 uno
782 2322 930 2370 Statii,
973 2321 1097 2360 etiam
1130 2320 1173 2357 iu
1206 2320 1356 2372 Regio.
1417 2318 1471 2356 At
1503 2323 1642 2357 taedia

191 2394 291 2421 ηιιιιι
322 2382 365 2419 in
395 2379 566 2420 Corvin.
600 2391 642 2418 et
673 2382 723 2417 lic
753 2381 797 2417 in
822 2389 923 2419 vett.
955 2376 1050 2416 edd.
1083 2386 1179 2416 unte
1205 2376 1361 2413 Aldum
1392 2374 1552 2428 ubique
1583 2379 1640 2421 le·

194 2440 385 2493 gebatur.
419 2438 470 2476 H.
532 2445 588 2474 ίυι
608 2441 805 2487 salmeſj'e
838 2445 983 2474 monet
1022 2434 1077 2473 H.
1109 2431 1222 2473 Voss'.
1256 2442 1392 2470 ortum
1425 2431 1506 2471 ess‘e
1538 2431 1642 2471 osci·

191 2497 323 2534 tantia
354 2493 620 2532 librariorum
651 2509 704 2532 ex
733 2493 868 2532 vei-bis
899 2502 954 2530 loc
982 2514 1038 2522 —
1064 2493 1281 2543 petpqffice.
1357 2491 1514 2528 Taedia
1542 2497 1641 2527 nola

190 2562 282 2592 tert.
317 2551 420 2589 5011.
487 2552 558 2590 W.

306 2623 343 2660 9.
389 2612 500 2659 L'rgo
531 2606 680 2660 quum]
730 2606 854 2642 Rom.
887 2613 929 2642 et
961 2604 1058 2643 inde
1088 2604 1195 2644 aliae
1226 2603 1335 2643 Edd.
1369 2618 1463 2642 cum
1494 2601 1639 2642 Guelf.

195 2680 228 2705 1.
261 2678 298 2704 2.
333 2675 374 2704 et
405 2668 455 2704 al.
490 2664 608 2704 codd.
643 2667 758 2713 L'rgo
788 2675 884 2711 ege,
930 2661 1068 2715 quod,
1113 2675 1165 2701 ne
1197 2662 1241 2700 in
1269 2675 1312 2700 re
1344 2659 1446 2701 tristi
1477 2669 1540 2699 tot
1570 2657 1638 2696 da·

1507 2714 1634 2766 ctylis
