1722 2919
192 139 276 186 540
504 137 888 181 OBSERVAT.
927 139 1001 178 IN
1044 139 1341 181 TIBVLLI

315 276 379 312 91.
409 259 500 298 Ant
520 258 610 309 quis
629 268 769 307 equum
788 254 952 292 celerem
970 262 1127 291 arelato
1147 253 1386 306 compescere
1390 255 1516 305 Ji‘eno
1539 256 1642 306 Pos-

189 324 274 372 fit]
306 331 381 372 pro
410 318 498 355 Aut
528 313 602 352 alii
628 314 710 358 At,
741 314 821 357 Ec,
857 313 920 349 Ut.
982 311 1030 348 In
1062 310 1205 349 Guelf.
1226 323 1263 348 2.
1291 312 1454 362 Ecquis,
1485 321 1646 352 arctato

199 374 390 418 Broukh.
422 387 475 412 ex
505 369 671 410 duobus
700 367 861 407 Italicis
884 377 926 406 et
947 365 1025 406 Ed.
1047 366 1161 405 Brix.
1189 366 1398 420 reposuit:
1431 372 1561 422 vulgo
1582 385 1647 409 ce-

202 440 367 475 leremue
389 439 515 469 arcto.
566 428 629 466 Ita
653 428 866 465 celeremve
885 445 940 453 —
963 432 999 461 et
1023 425 1137 462 tardo
1159 423 1231 461 vix
1254 424 1360 464 bene
1381 425 1457 464 fibi
1478 425 1646 479 respon·

202 493 326 538 dent,
365 501 443 543 pro
472 495 546 525 aut
575 480 705 522 t'czrdo.
767 481 932 520 Idcirco
954 496 1000 519 ve
1022 483 1089 519 vel
1110 495 1180 526 ne,
1217 491 1265 519 ut
1287 480 1342 522 est
1362 482 1405 520 in
1426 482 1568 522 Guelf.
1593 496 1645 531 2.,

203 547 325 589 metri
353 541 559 584 fulciendi
595 538 730 579 causs'a
763 553 814 576 ex
856 554 894 577 v.
930 545 997 589 89.
1033 537 1321 590 interpositum
1351 537 1432 578 effe
1465 539 1648 587 videtur,

204 620 297 646 cum
322 603 502 658 primum
522 608 703 638 erratum
727 592 847 635 effet:
879 598 1046 633 celerem
1066 604 1194 640 arc-10,
1219 604 1267 633 ut
1287 594 1343 634 est
1368 597 1410 635 in
1431 595 1510 635 Ed.
1525 598 1647 636 Rom.

203 665 310 705 Ven.
342 660 441 699 anni
467 665 586 703 1500.
609 665 650 693 et
679 662 796 700 1520.
829 661 872 691 et
901 651 1044 691 Guelf.
1068 667 1099 689 ι.
1123 659 1159 700 4.
1195 650 1246 690 de
1275 667 1360 706 quo
1387 667 1540 708 genere
1565 652 1649 692 vid.

205 719 257 760 ad
283 734 322 757 v.
343 727 408 768 39.
429 716 629 767 Ayrman.
658 720 800 748 tamen
835 712 862 748 1.
882 711 910 747 1.
935 708 1141 761 praesert:
1184 710 1239 746 Ec
1267 712 1357 761 quis
1377 725 1520 762 equam,
1546 713 1650 749 cele—

204 790 362 830 remque
386 781 498 812 arcto
526 785 558 808 e.
599 771 670 815 (et
688 766 767 804 hoc
795 764 965 819 quidem
987 765 1158 803 omniuo
1184 779 1327 803 verum
1350 765 1431 805 ess'e
1453 766 1650 806 arbitror:

203 838 444 884 celeremque
463 851 518 857 —-
538 835 575 864 et
601 825 759 871 tardo.)
827 823 880 861 In
910 821 1050 874 Regio
1083 831 1192 860 erat:
1234 825 1449 861 celeremue
1479 833 1653 876 arrepto.

205 890 340 942 Supra
370 888 410 935 1,
443 894 483 934 4,
522 898 585 921 11.
621 882 804 931 angustis
832 880 1074 930 compescere
1102 893 1244 929 equum
1269 880 1434 919 habenis
1457 879 1653 920 vidimus.

203 946 491 991 Burmannus,
523 949 572 978 ut
595 937 754 978 Valerii
775 936 915 975 Flacci
935 938 1036 986 ange⁴
1057 935 1115 983 II,
1138 938 1234 981 386.
1260 937 1515 990 explicaret,
1549 936 1654 976 haec

205 1001 406 1044 laudans,
437 999 496 1036 ita
527 995 648 1035 effert
676 1004 833 1032 armato
855 994 1099 1045 compescere
1117 993 1253 1043 freno.
1314 994 1362 1032 In
1389 1008 1473 1048 quo
1494 994 1654 1033 Valerii

207 1058 348 1099 Flacci
387 1059 483 1095 loco
517 1050 777 1107 iungendum
817 1049 895 1097 est,
941 1053 1068 1088 Terra
1097 1053 1210 1087 ιἰιναέ
1242 1051 1394 1097 brevis)
1436 1050 1475 1090 h.
1511 1050 1654 1105 exigui

208 1115 343 1167 campi
372 1111 536 1166 pascua.
599 1108 667 1147 Sic
695 1111 813 1146 nulla
840 1105 1136 1146 emendatione
1169 1106 1397 1160 egebimus.
1445 1111 1494 1146 ln
1522 1103 1658 1147 [aei-us
1721 1120 1722 1156 ς

206 1174 318 1212 orbes
349 1168 504 1207 ibidem
528 1171 650 1217 piger
691 1177 825 1217 equus
854 1167 1045 1214 angitur,
1091 1162 1130 1201 h.
1163 1177 1197 1201 e.
1229 1165 1355 1218 longa
1388 1163 1539 1203 desidia
1572 1164 1653 1202 fra·
1721 1163 1722 1174 ¹

209 1239 316 1274 ctus,
340 1226 369 1264 fi
393 1224 487 1279 quis
509 1222 721 1270 insederit,
746 1222 819 1259 vix
841 1219 893 1258 ad
916 1221 1147 1257 naturalem
1170 1217 1323 1257 flexum
1343 1220 1381 1257 ei
1401 1221 1474 1260 ille
1498 1221 1654 1260 obtem-

208 1293 342 1339 peret.
404 1281 502 1320 Alio
535 1279 729 1325 consilio,
769 1287 816 1314 ut
838 1275 925 1329 ipse
954 1279 1119 1314 laevam
1150 1284 1303 1314 tectam
1333 1274 1530 1326 haberet,
1563 1278 1655 1316 M'e-

207 1341 371 1380 zentius
402 1337 623 1389 obequitat
658 1338 846 1373 Aeneam
879 1333 942 1380 X,
977 1339 1073 1379 885.

385 1419 457 1454 Ter
487 1419 617 1452 circum
650 1411 856 1462 adstantem
887 1414 1014 1449 laevos
1044 1415 1222 1461 equitavit
1252 1416 1286 1451 in
1317 1414 1432 1450 orbes.

209 1496 381 1538 Deinde
406 1508 483 1548 pro
502 1495 630 1541 Poffit
651 1489 841 1529 Broukh.
866 1504 918 1529 ex
942 1490 1103 1528 Heinsii
1125 1489 1420 1530 emendatione
1444 1501 1655 1544 receperat

209 1559 300 1596 Par
316 1556 387 1602 fit.
449 1550 530 1590 Sed
554 1546 832 1602 repetendum
857 1545 911 1586 est
933 1548 977 1585 in
1001 1547 1080 1585 hoc
1103 1557 1144 1586 et
1164 1547 1339 1601 reliquis
1361 1547 1545 1586 versibus
1570 1563 1653 1585 me·-

209 1615 288 1651 lius
326 1626 378 1649 ex
409 1624 447 1647 v.
470 1616 536 1657 89.
598 1607 772 1659 Quanto
802 1617 902 1643 vero
933 1603 1167 1658 elegantius
1201 1603 1380 1643 eandem
1405 1603 1653 1644 sententiam

211 1666 406 1722 expreffit
437 1662 565 1704 Ovid.
594 1661 722 1715 Epist.
755 1669 803 1711 4,
839 1671 906 1712 79.

381 1737 465 1770 Sive
487 1733 626 1780 ferocis
657 1735 739 1781 equi
768 1732 948 1766 luctantia
977 1731 1076 1766 colla
1108 1744 1295 1771 recurvas:

439 1791 593 1840 Exiguo
625 1790 749 1836 flexos
787 1790 899 1823 miror
938 1790 975 1822 in
1010 1788 1096 1822 orbe
1127 1789 1250 1836 perles.
1311 1787 1367 1827 Η.

209 1875 263 1912 Et
294 1885 352 1924 pr.
388 1877 459 1907 ant
489 1866 617 1907 Goth.
651 1864 802 1903 llamb.
883 1866 939 1903 Et
972 1868 1060 1917 quis
1097 1879 1268 1916 aequum
1297 1868 1510 1905 celeremue
1539 1874 1655 1904 arelo

208 1930 343 1969 Zwic.
382 1942 430 1975 ι.,
463 1925 572 1964 idem
605 1921 738 1961 Zwic.
766 1931 802 1958 Ω.
833 1920 907 1958 nisi
935 1920 1047 1975 quod
1073 1936 1216 1974 equum
1237 1921 1390 1962 scribit.
1450 1921 1588 1960 Etiam
1610 1921 1655 1959 in

208 1985 381 2040 plerisq.
408 1982 458 2020 Η.
476 1982 604 2021 V011'1i
623 1984 833 2018 celerem-e
851 1987 964 2016 arcto
983 1981 1050 2017 vel
1070 1989 1156 2017 arlo
1184 1977 1294 2028 (hoc
1315 1977 1467 2017 Hamb.
1489 1977 1652 2028 Goth).

209 2045 372 2081 celerem
401 2050 510 2079 arelo
540 2039 663 2077 Bern.
695 2058 752 2066 —-
783 2036 1009 2075 Caeterum
1036 2045 1196 2074 arctato
1229 2034 1381 2088 probat
1407 2035 1532 2074 etiam
1554 2035 1654 2073 For-

208 2099 417 2138 cellinius.
478 2098 548 2135 De
566 2093 765 2146 rhythmo
787 2104 925 2132 autem
947 2103 1158 2147 comparat
1183 2094 1234 2131 H.
1257 2091 1419 2132 Voffius
1445 2088 1548 2131 vers.
1571 2091 1652 2131 Va-

208 2156 262 2196 rii
291 2171 357 2210 ap.
390 2153 581 2194 Mam-ob.
613 2152 696 2199 Vl,
730 2161 789 2188 Ω.;

379 2229 462 2275 Qua
483 2225 572 2260 velit
597 2225 669 2260 ire:
690 2220 758 2268 sed
783 2217 935 2267 angusto
954 2221 1055 2268 prius
1072 2221 1158 2255 orbe
1175 2233 1338 2256 coercens
1367 2238 1434 2254 -.
1491 2215 1566 2254 Ὧν.

322 2315 388 2355 93.
427 2304 576 2339 directo
607 2297 837 2336 contendere
867 2298 1012 2346 cursio]
1051 2297 1188 2346 emsa,
1219 2294 1335 2348 quod
1363 2304 1405 2334 et
1437 2294 1480 2332 in
1509 2293 1648 2349 Regio

206 2373 249 2402 et
272 2359 416 2400 Guelf.
441 2369 478 2406 5.
504 2355 581 2403 est,
612 2369 663 2394 ex
684 2353 879 2392 undecim
902 2352 1019 2390 libris
1045 2353 1201 2404 recepit
1218 2350 1406 2390 Broukh.
1431 2353 1576 2405 vulgo,
1602 2359 1649 2388 ut

205 2421 249 2458 iu
272 2417 416 2457 Guelf.
445 2430 477 2454 1.
501 2426 537 2452 2.
560 2426 613 2462 4.,
631 2415 761 2460 puffiz,
791 2409 1003 2463 frequenti
1029 2408 1303 2447 aberratione.
1327 2423 1366 2446 v.
1392 2407 1443 2446 ad
1465 2406 1593 2446 Ovid.
1613 2406 1647 2446 I.

206 2476 315 2514 Met.
338 2483 433 2521 532.
467 2473 520 2510 H.
576 2470 799 2519 propellere
823 2466 874 2504 de
897 2467 1137 2504 coniectura
1161 2464 1316 2517 scripsit
1337 2465 1391 2502 H.
1406 2463 1580 2503 Vollius.
1595 2484 1649 2494 .-

204 2537 333 2584 anae
373 2535 478 2569 vices
518 2541 588 2565 un.
627 2539 691 2577 ap.
729 2524 782 2561 ll.
815 2521 950 2571 Vols,
1000 2523 1079 2560 tria
1117 2535 1258 2576 apogr.
1290 2524 1409 2571 lmffic
1457 2518 1642 2569 (Hamb,

206 2589 362 2637 Goth.)
404 2584 544 2626 acced.
569 2584 700 2622 Zwic.
762 2580 835 2616 W.

320 2654 386 2702 94.
427 2653 505 2683 beu
531 2642 653 2681 libeat
681 2651 804 2675 curvo
826 2639 968 2674 melius
994 2635 1228 2673 contendere
1245 2638 1377 2684 gyro]
1408 2634 1524 2672 Haec
1556 2641 1644 2670 erat

202 2706 374 2757 vulgata
402 2700 541 2741 lectio.
600 2697 792 2751 Quatuor
820 2693 980 2742 Italici,
1013 2696 1136 2731 Nun«.-
1162 2692 1310 2741 tabeat,
1339 2704 1430 2729 non·
1450 2691 1580 2736 male,
1611 2687 1641 2725 fi

1522 2747 1643 2784 libeat
