1722 2919
158 108 241 168 276
474 105 868 169 OBSERVAT3
906 105 981 147 IN
1021 104 1321 147 TIBVLLI

161 226 314 278 Itaque
346 229 540 274 precatae
583 234 635 259 ex
665 219 1015 273 interpretatione
1046 223 1116 259 vel
1145 219 1408 259 correctione
1440 215 1523 259 effe
1555 218 1614 260 vi·

167 282 313 329 detur,
355 292 596 333 quanquam
624 275 670 316 'et
696 276 841 316 Heius.
874 275 927 315 ad
958 276 1086 318 Ovid.
1122 276 1225 315 Fast.
1258 277 1355 324 VI,
1378 285 1473 323 505.

441 381 499 389 —-
558 359 642 394 inde
675 358 861 406 precando

437 417 609 466 Affamur
643 412 800 462 Vestam.

163 496 225 535 ita
257 493 341 548 legi
371 491 522 533 debere
555 489 794 532 contendat.
856 490 901 529 Si
928 490 1036 530 illud
1062 490 1112 529 ab
1144 489 1265 528 initio
1293 488 1461 533 suisset,
1493 502 1616 528 nemo

165 551 360 606 profecto
397 549 441 589 in
473 550 515 588 id
548 546 782 595 incidisset,
835 557 883 585 ut
912 557 1084 599 rogatae
1113 557 1350 600 reponeret.
1418 549 1619 585 precatae

167 608 274 648 adeo
315 621 398 645 non
429 607 567 645 minus
609 605 658 642 ab
700 602 984 644 emendatrice
1014 619 1141 643 manu
1180 601 1417 656 provenisse
1449 602 1620 642 videtur

166 680 215 705 ac
244 673 456 715 rogantes,
495 661 610 717 quod
641 661 684 698 in
718 659 991 711 Colbertino,
1034 661 1198 700 duobus
1230 662 1363 699 Palat.
1393 669 1436 699 et
1463 659 1507 698 in
1537 657 1617 699 Ed.

165 723 290 762 Rom.
323 719 389 760 est.
450 722 500 759 In
535 718 673 772 Regio
706 727 747 755 et
774 716 948 755 Corvin.
983 719 1108 757 etiam
1140 728 1303 769 rogale,
1345 716 1458 755 unde
1493 714 1618 768 suspi-

167 778 252 819 cari
279 777 403 831 poffis
434 774 557 814 fuiffe
585 778 801 825 animaque
827 785 989 825 rogata.
1048 775 1166 814 Haec
1196 784 1336 814 tamen
1368 773 1505 812 omnia
1532 785 1620 811 cor-

164 845 289 889 rupta
322 832 402 873 effe
434 833 534 871 olim
565 831 765 885 putabam
797 845 850 869 ex

337 913 538 961 Praefatae
571 921 656 946 ante
687 925 788 947 meos
818 912 960 947 Manes
987 915 1218 960 animamque
1246 920 1457 959 vagantem.

165 1001 456 1057 Distingueret
485 1000 541 1038 ita
565 1001 736 1046 Manes,
769 999 842 1052 qui
872 1000 917 1037 in
950 999 1099 1039 inferis
1129 999 1248 1049 sunt,
1291 999 1343 1038 ab
1371 1004 1514 1038 anima
1542 1014 1618 1037 rct-

164 1069 303 1113 gome.
372 1060 476 1096 Erat
506 1055 616 1095 enim
650 1057 821 1110 antiqua
854 1055 1112 1110 superstitio,
1163 1071 1249 1095 non
1280 1055 1429 1106 modo,
1483 1055 1619 1095 donec

168 1129 319 1170 corpus
363 1112 634 1166 compositum
677 1122 720 1151 et
768 1111 978 1165 sepultum
1020 1113 1121 1152 effet
1160 1112 1448 1167 iustorumque
1487 1111 1618 1151 hono-

165 1189 253 1213 rem
291 1169 535 1224 accepisset,
588 1169 767 1208 animam
798 1168 848 1207 ad
884 1171 978 1207 loca
1010 1170 1146 1208 infera
1177 1184 1263 1208 non
1295 1169 1486 1218 admitti,
1539 1182 1618 1208 nec

169 1229 305 1285 quieti
347 1227 459 1270 dari3
512 1240 620 1279 quae
660 1235 758 1264 nota
798 1238 862 1264 res
896 1223 973 1268 est3
1026 1240 1171 1264 verum
1204 1227 1354 1270 etiam,
1402 1226 1529 1264 variis
1562 1224 1615 1263 de

166 1285 313 1326 caussis
354 1283 516 1321 idolum
560 1281 757 1335 aliquod,
818 1281 869 1319 ab
899 1281 1045 1320 umbra
1079 1292 1119 1320 et
1152 1283 1357 1321 IVIanibus
1390 1280 1615 1329 diversum,

167 1341 281 1397 quod
314 1351 452 1378 tamen
484 1348 527 1376 et
558 1338 745 1376 umbram
777 1347 818 1376 et
846 1338 1026 1376 animam
1054 1339 1222 1377 crassius
1251 1339 1475 1388 vocabant,
1506 1336 1615 1387 (vid.

165 1396 312 1438 Heius.
346 1393 518 1434 Advers.
550 1395 584 1443 I,
619 1396 688 1442 2.)
736 1394 999 1446 aliquantum
1033 1396 1232 1447 temporis
1265 1396 1375 1434 circa
1406 1397 1617 1434 tumulum

164 1455 287 1494 suum
321 1452 465 1506 vagari
515 1449 644 1499 (vide
682 1460 822 1488 tamen
859 1451 997 1502 Heyn.
1032 1450 1083 1489 ad
1116 1451 1229 1507 Yirg.
1260 1453 1366 1490 Aen.
1393 1452 1477 1502 VI,
1523 1463 1614 1503 149„

164 1527 205 1566 p.
232 1518 328 1557 755.
350 1504 478 1556 W.);
520 1507 563 1545 id
595 1504 701 1555 effe,
743 1505 858 1560 quod
884 1506 1097 1545 interdum
1117 1507 1250 1546 visum
1274 1507 1469 1556 obiiciat,
1501 1511 1617 1547 Lar-

164 1582 311 1608 varum
351 1575 394 1604 et
426 1567 649 1603 Lemurum
686 1563 856 1602 nomine
889 1563 1013 1603 etiam
1054 1574 1270 1615 notatum,
1321 1564 1522 1619 quodque
1554 1566 1616 1603 in·

165 1624 285 1664 feriis
329 1621 436 1660 datis
477 1624 672 1660 laetetur.
712 1635 751 1659 v.
784 1618 885 1658 Fast.
917 1621 984 1668 II,
1018 1624 1113 1666 565.
1147 1622 1219 1675 qui
1250 1620 1337 1675 ipse
1367 1622 1616 1661 inferiarum

164 1679 434 1719 ferendarum
462 1691 550 1715 mos
581 1691 668 1716 eam
712 1677 956 1730 opinionem
995 1688 1068 1716 aut
1098 1678 1268 1732 gignere
1301 1688 1373 1718 aut
1405 1681 1517 1718 alere
1547 1677 1615 1718 de·

164 1737 281 1775 buit:
332 1734 409 1773 nisi
447 1734 559 1773 enim
597 1731 756 1771 adeffet
798 1733 957 1781 anima,
1020 1749 1128 1788 quae
1169 1734 1329 1775 honore
1368 1735 1616 1775 inferiarum

165 1792 392 1848 gauderet,
437 1788 632 1845 quorsum
664 1789 706 1826 in
741 1804 790 1828 eo
821 1789 1098 1828 laborandum
1130 1791 1249 1830 erat?
1299 1791 1372 1830 etsi
1402 1806 1499 1831 mox
1528 1790 1616 1845 ipsa

163 1850 477 1889 Platonicorum
527 1847 789 1900 aliorumque
832 1844 1179 1900 philosophorum
1220 1848 1377 1901 placita
1426 1848 1478 1887 ad
1518 1863 1615 1888 eau-

164 1905 257 1945 dem
298 1903 628 1958 superstitionem
672 1902 928 1941 fulciendam
961 1904 1145 1942 arcessita
1177 1904 1292 1957 sunt:
1348 1919 1389 1943 v.
1420 1905 1614 1944 Macrob-

163 1963 206 2001 in
240 1961 278 2000 S.
312 1961 421 2014 Scip.
454 1961 489 2008 1,
523 1975 562 2012 9.
597 1960 650 1997 cf.
680 1957 825 1997 Davis.
859 1958 910 1997 ad
943 1959 1032 1999 Cic.
1066 1959 1186 1999 Tusc.
1216 1963 1252 2011 I,
1293 1974 1353 2000 ιε.
1413 1961 1613 2015 Inprimis

165 2033 265 2058 vero
306 2019 525 2056 immatura
575 2027 709 2055 morte
749 2025 962 2069 raptorum
1003 2017 1160 2055 animas
1201 2018 1307 2058 circa
1350 2018 1499 2056 funera
1541 2017 1612 2057 sua

165 2074 384 2122 oberrare,
437 2087 574 2127 neque
616 2072 837 2112 discidium
868 2071 987 2110 sunm
1019 2074 1130 2113 ferre
1162 2073 1276 2128 poss'e
1309 2074 1470 2128 opinati
1499 2073 1606 2114 sunt.

163 2130 320 2170 Statius
353 2132 408 2169 ΙΙ.
453 2130 554 2169 Silv.
592 2146 635 2180 ι,
672 2143 735 2169 22.
781 2127 831 2168 de
863 2130 986 2183 pueri
1017 2130 1219 2171 Glauciae
1250 2131 1424 2172 funere:

330 2212 613 2259 Plorantemque
643 2214 808 2246 animam
830 2209 946 2259 supra
970 2210 1041 2259 suu
1064 2209 1201 2256 funera
1232 2212 1321 2249 vidi.

157 2288 232 2328 ubi
263 2303 303 2330 v.
333 2288 504 2327 Gevart.
529 2297 571 2325 et
601 2285 742 2325 Barth.
809 2290 973 2337 sagari
1004 2300 1103 2326 vcro
1132 2287 1183 2326 de
1207 2288 1345 2326 anima
1373 2287 1529 2328 dictum
1553 2288 1611 2327 ob·

157 2346 396 2395 levitatem,
439 2353 486 2381 ut
516 2345 661 2381 volare.
693 2358 731 2382 v.
768 2344 895 2382 Ovid.
929 2344 1011 2382 III.
1052 2343 1169 2381 Trist.
1202 2354 1249 2393 5,
1281 2347 1346 2392 63.

326 2427 426 2461 Inter
455 2426 680 2459 sannatia-as
708 2424 881 2461 Romana
910 2425 1107 2473 vagabitur
1136 2424 1291 2462 umbras.

154 2504 250 2543 VII.
294 2504 402 2542 Met.
435 2504 459 2542 6
468 2516 485 2539 1
496 2516 530 2539 1.

325 2585 399 2636 Qui
428 2582 637 2622 lacrimem,
679 2579 829 2628 desunt:
870 2582 1136 2630 indcfletacque
1164 2589 1348 2629 vagantur

323 2642 505 2676 Natarum
537 2648 762 2686 matrumque
792 2639 936 2674 animae
967 2641 1205 2686 iuvenumque
1226 2637 1437 2689 senumque.

1490 2702 1600 2743 Hac·
