1722 2919
155 120 243 164 500
468 114 852 157 OBSERVAT.
881 117 958 159 IN
987 115 1294 158 TIBVLLI

155 229 323 283 saepius
363 227 532 279 recusa,
582 228 629 267 in
669 242 753 283 qua
789 229 897 270 vitio
935 229 1188 284 typothetae
1225 230 1384 269 factum
1422 226 1609 276 videtur,

155 297 205 326 ut
237 287 367 325 Caiae
408 286 731 326 excuderentur.
808 287 916 327 Sunt
956 302 1081 342 porro
1122 297 1187 326 tot
1222 287 1304 326 alia
1335 300 1554 340 perperam
1585 298 1611 323 a

153 344 377 390 Mariano,
430 357 578 394 parum
611 353 804 382 accurate
837 343 962 384 docto
993 344 1187 394 homine,
1242 345 1285 382 in
1314 343 1394 383 hac
1421 342 1611 396 disputa-

154 400 270 439 tione
313 398 489 448 tradita,
543 410 592 439 ut
632 413 680 439 ea
719 399 931 454 sigillatim
973 400 1168 455 persequi
1214 401 1370 455 pigeat.
1418 397 1608 441 'Verboz

154 455 391 496 abiicienda
423 466 509 495 tota
545 455 599 496 est
633 456 829 496 Caiarum
865 471 1070 512 aquarum
1101 457 1361 496 memoratio.

270 514 397 554 Nunc
427 513 458 551 fi
486 512 713 554 secundum
746 513 851 552 haec
883 513 1096 568 disputata
1128 513 1415 554 adiiciendum
1443 509 1610 566 aliquid

153 570 207 611 de
246 584 341 609 meo
384 568 462 620 est,
513 570 695 624 primum
735 580 872 609 totum
911 574 1052 610 locum
1096 571 1399 624 interpolatum
1439 579 1482 609 et
1522 568 1608 607 duo

151 627 298 667 versus
332 641 351 665 a
384 630 490 666 mala
523 642 651 665 manu
683 625 861 666 insertos
893 626 975 667 effe
1006 628 1169 667 censeo.
1244 628 1356 668 Nam
1387 637 1431 666 et
1459 639 1536 679 per
1565 623 1609 665 se

151 685 298 738 inepta
339 694 381 723 et
419 683 594 723 absurda
638 681 692 721 est
725 683 797 721 illa
829 684 1072 738 interposita
1104 683 1331 723 sententia:
1391 685 1511 724 Unda
1529 683 1608 734 sub

150 746 346 791 aestivum
376 756 455 779 non
485 740 675 779 adeunda
710 742 884 788 Canem,
937 751 979 781 et
1010 756 1032 780 a
1063 744 1158 781 loco
1189 741 1352 789 aliena,
1398 749 1441 779 et
1470 742 1608 779 multo

149 798 281 852 magis
320 812 342 835 a
380 802 532 851 poetae
573 797 750 836 affectu:
813 798 889 836 illa
929 812 1080 851 porro:
1144 800 1269 837 wa
1307 807 1444 836 autem
1471 797 1609 850 sacris

148 859 355 895 Baiarum
383 858 563 892 maxima
593 855 769 904 lymphis
807 854 1027 893 indoctum
1065 855 1415 909 interpolatorem
1453 868 1507 893 ex
1545 851 1608 892 se·

147 913 259 951 riore
291 925 398 950 aevo
431 910 645 950 manifeste
674 910 871 963 produnt.
953 912 1120 951 Locum
1150 910 1474 964 interpolationi
1502 909 1608 949 fecit

146 972 299 1023 procul
331 967 461 1006 dubio
493 966 935 1020 interpretamentum,
972 968 1134 1010 versui:
1178 972 1312 1023 Quum
1331 969 1378 1020 fh
1395 981 1609 1019 purpureo

146 1041 239 1067 vere
278 1028 450 1064 remittit
486 1025 653 1073 hulmus,
696 1024 973 1078 adscriptum:
1044 1028 1166 1065 Unda
1195 1026 1276 1078 sub
1308 1029 1502 1075 aestivum
1527 1038 1608 1063 non

145 1084 336 1121 adeunda
368 1084 529 1122 Canem.
582 1080 768 1135 Reliqua
800 1092 1076 1135 attemperata
1109 1098 1161 1123 ex
1189 1082 1264 1123 vff.
1296 1093 1362 1134 29.
1395 1092 1462 1130 50.
1515 1082 1606 1121 Iam

146 1140 314 1178 duobus
358 1138 424 1177 his
469 1137 655 1178 versibus
697 1138 844 1178 eiectis
888 1139 999 1178 nihil
1038 1140 1218 1193 amplius
1259 1138 1340 1189 est,
1405 1137 1522 1195 quod.
1560 1138 1608 1179 in

142 1199 240 1238 loco
269 1210 347 1235 nos
375 1206 540 1235 teneat:

315 1277 392 1313 Vos
422 1287 541 1315 tenet,
587 1275 753 1324 Etruscis
781 1285 909 1311 manat
939 1290 1032 1326 quae
1054 1273 1227 1323 fontibus
1258 1274 1372 1318 unda,

380 1333 474 1368 Dum
498 1333 542 1382 se
570 1346 755 1381 purpureo
787 1346 870 1369 vere
900 1334 1056 1368 remittit
1085 1334 1210 1368 hiems.

315 1390 367 1426 At
399 1391 487 1425 mihi
518 1399 587 1426 etc,

143 1468 269 1523 Quae
301 1483 395 1507 cum
427 1467 486 1506 ita
519 1465 561 1506 se
592 1464 803 1514 habeant,
843 1468 946 1505 nolo
978 1466 1112 1505 otium
1145 1464 1390 1506 consumere
1420 1464 1465 1503 in
1497 1464 1603 1505 ario·

140 1524 396 1573 lationibus,
439 1538 550 1578 quae
581 1524 626 1561 in
658 1539 696 1561 v.
729 1532 767 1568 3.
801 1522 1078 1562 emaculando
1110 1523 1251 1561 afferri
1279 1521 1459 1576 possent.
1522 1522 1602 1562 Ce-

141 1593 279 1622 terum
311 1579 537 1634 respexiffe
569 1579 791 1618 Tibullum
824 1579 993 1620 videtur
1033 1580 1139 1619 civis
1170 1579 1308 1619 noster
1328 1631 1331 1633 .
1350 1580 1428 1621 Ge.
1458 1578 1603 1621 Fabri·

140 1639 231 1680 cius
265 1639 311 1677 in
340 1639 439 1678 Itin.
471 1638 618 1677 Patav.
651 1651 692 1692 p.
723 1637 790 1683 56.

312 1721 403 1756 Non
434 1719 555 1754 dicam
585 1718 724 1753 calidos
747 1715 879 1764 fontes
908 1726 944 1752 et
973 1718 1114 1753 olentia
1138 1715 1264 1766 sulfur

311 1777 476 1816 Balnea:
524 1774 671 1810 Baianis
713 1775 767 1809 hic
809 1783 924 1810 certat
962 1775 1091 1810 Tuscia
1133 1774 1300 1814 thermi..

139 1865 183 1896 et
211 1853 427 1896 Martialis
454 1852 530 1893 IV.
561 1852 693 1906 epigr.
725 1858 795 1898 57.

313 1936 412 1971 Dum
443 1947 510 1970 nos
541 1933 684 1968 blanda
714 1942 841 1968 tenent
870 1930 997 1981 lascivi
1017 1929 1158 1980 stagna
1188 1933 1359 1975 Lucrini,

370 1990 426 2027 Et
455 2005 549 2041 quae
577 1991 755 2039 pumiceis
776 1989 951 2037 fontibus
979 1999 1090 2026 antra
1120 1990 1253 2025 calent.

139 2068 210 2112 Est
252 2068 376 2108 etiam
417 2065 580 2122 aliquid
618 2065 751 2105 simile
792 2066 835 2106 in
874 2065 1088 2120 Propertii
1133 2066 1207 2104 lib.
1245 2065 1342 2106 III.‘
1380 2067 1487 2122 eleg.
1532 2071 1594 2112 ²8·

140 2125 329 2179 (Scalig.
367 2127 429 2164 16.
470 2126 564 2178 pr.)
606 2123 661 2161 II.
741 2125 956 2170 ,Usar-ima,
997 2131 1047 2161 ut
1088 2123 1132 2160 in
1161 2132 1282 2162 textu
1312 2123 1493 2180 legitur,
1534 2122 1595 2161 di·

139 2182 320 2224 cendum
362 2180 417 2220 est
465 2195 541 2235 pro
583 2184 711 2218 maior
755 2179 837 2220 effe
877 2180 1067 2234 politum.
1147 2180 1249 2235 Egit
1289 2178 1340 2220 de
1379 2179 1460 2219 hoc
1498 2181 1595 2219 loco

146 2241 358 2282 lVeiclzert
400 2238 442 2276 in
481 2237 747 2291 praefatione
779 2237 828 2275 ad
860 2238 1023 2277 Melam
1065 2251 1104 2291 p.
1133 2237 1234 2276 XII.
1276 2246 1319 2276 et
1350 2247 1495 2276 contra
1527 2249 1594 2275 me

138 2313 233 2353 pag.
280 2303 393 2344 140.⁹
445 2304 486 2334 et
518 2293 757 2333 Boiss'onad-
809 2293 895 2344 (ad
926 2294 1051 2349 Greg.
1085 2291 1278 2334 Corinth.
1314 2307 1409 2348 pag.
1446 2294 1594 2342 114.):

138 2358 323 2392 maxima
366 2351 450 2391 dici
491 2365 566 2404 pro
610 2355 764 2396 maior,
821 2353 918 2390 coll.
952 2349 1099 2389 Davis.
1140 2348 1192 2387 ad
1231 2350 1350 2389 Max.
1392 2351 1492 2401 Tyr.
1529 2358 1594 2397 23.

137 2411 269 2451 Beck.
304 2409 357 2448 ad
386 2406 592 2462 Aristoph.
626 2410 704 2446 Av.
737 2421 777 2460 p.
798 2417 894 2455 502.
928 2408 979 2446 Τ.
1012 2408 1061 2446 V.
1090 2406 1258 2446 Schwei
1291 2406 1331 2445 h.
1362 2405 1417 2444 nd
1442 2406 1593 2459 Polyb.

136 2471 187 2506 T.
227 2468 321 2506 VII.
354 2480 394 2519 p.
428 2477 487 2503 12.
523 2465 746 2503 Hermann.
779 2465 831 2503 ad
862 2467 1003 2521 Viget.
1037 2479 1078 2519 p.
1100 2471 1196 2510 718.
1230 2478 1252 2503 e
1287 2493 1296 2502 .
1328 2475 1366 2502 2.
1427 2463 1494 2503 Ad
1521 2461 1595 2501 Ti.

136 2524 246 2565 bulli
277 2522 397 2561 usum
427 2520 714 2561 illustrandum
748 2522 913 2562 confert
943 2522 1050 2561 Mel.
1079 2521 1159 2561 III.
1191 2535 1225 2560 c.
1256 2529 1295 2569 7.
1326 2524 1365 2571 ᾗ.
1398 2532 1437 2561 2.
1494 2517 1593 2573 Ipse

138 2581 279 2624 malim
300 2583 507 2634 proxima.
568 2579 601 2618 I.
634 2578 687 2616 H.
719 2577 884 2618 Voffiun
917 2577 1098 2632 scripfit:

308 2662 419 2700 Nunc
446 2673 610 2711 aequans
630 2659 752 2711 safris
778 2661 956 2697 Baiarum
986 2661 1112 2698 munia
1138 2658 1316 2710 lymphis,

1483 2735 1595 2762 com·
